%YAML 1.1
%TAG !u! tag:unity3d.com,2011:
--- !u!1 &8433017904756836944
GameObject:
  m_ObjectHideFlags: 0
  m_CorrespondingSourceObject: {fileID: 0}
  m_PrefabInstance: {fileID: 0}
  m_PrefabAsset: {fileID: 0}
  serializedVersion: 6
  m_Component:
  - component: {fileID: 8433017904756836952}
  - component: {fileID: 8433017904756836953}
  - component: {fileID: 8433017904756836954}
  - component: {fileID: 8433017904756836955}
  - component: {fileID: 8433017904756836956}
  - component: {fileID: 8433017904756836957}
  - component: {fileID: 8433017904756836958}
  - component: {fileID: 3707990865167833349}
  - component: {fileID: 8857811262285999836}
  - component: {fileID: 3652946807980478151}
  - component: {fileID: 6652048567370652981}
  m_Layer: 6
  m_Name: TiddlyToken
  m_TagString: Token
  m_Icon: {fileID: 0}
  m_NavMeshLayer: 0
  m_StaticEditorFlags: 0
  m_IsActive: 1
--- !u!4 &8433017904756836952
Transform:
  m_ObjectHideFlags: 0
  m_CorrespondingSourceObject: {fileID: 0}
  m_PrefabInstance: {fileID: 0}
  m_PrefabAsset: {fileID: 0}
  m_GameObject: {fileID: 8433017904756836944}
  m_LocalRotation: {x: 0, y: 0, z: 0, w: 1}
  m_LocalPosition: {x: 0, y: -0, z: 0.0009}
  m_LocalScale: {x: 1, y: 0.6032756, z: 1}
  m_ConstrainProportionsScale: 0
  m_Children: []
  m_Father: {fileID: 0}
  m_RootOrder: 0
  m_LocalEulerAnglesHint: {x: 0, y: 0, z: 0}
--- !u!114 &8433017904756836953
MonoBehaviour:
  m_ObjectHideFlags: 0
  m_CorrespondingSourceObject: {fileID: 0}
  m_PrefabInstance: {fileID: 0}
  m_PrefabAsset: {fileID: 0}
  m_GameObject: {fileID: 8433017904756836944}
  m_Enabled: 1
  m_EditorHideFlags: 0
  m_Script: {fileID: 11500000, guid: 8233d90336aea43098adf6dbabd606a2, type: 3}
  m_Name: 
  m_EditorClassIdentifier: 
  m_MeshFormatVersion: 2
  m_Faces:
  - m_Indexes: 000000000100000002000000010000000300000002000000
    m_SmoothingGroup: 1
    m_Uv:
      m_UseWorldSpace: 0
      m_FlipU: 0
      m_FlipV: 0
      m_SwapUV: 0
      m_Fill: 1
      m_Scale: {x: 1, y: 1}
      m_Offset: {x: 0, y: 0}
      m_Rotation: 0
      m_Anchor: 9
    m_Material: {fileID: 0}
    m_SubmeshIndex: 0
    m_ManualUV: 1
    elementGroup: -1
    m_TextureGroup: -1
  - m_Indexes: 040000000500000006000000050000000700000006000000
    m_SmoothingGroup: 1
    m_Uv:
      m_UseWorldSpace: 0
      m_FlipU: 0
      m_FlipV: 0
      m_SwapUV: 0
      m_Fill: 1
      m_Scale: {x: 1, y: 1}
      m_Offset: {x: 0, y: 0}
      m_Rotation: 0
      m_Anchor: 9
    m_Material: {fileID: 0}
    m_SubmeshIndex: 0
    m_ManualUV: 1
    elementGroup: -1
    m_TextureGroup: -1
  - m_Indexes: 08000000090000000a000000090000000b0000000a000000
    m_SmoothingGroup: 1
    m_Uv:
      m_UseWorldSpace: 0
      m_FlipU: 0
      m_FlipV: 0
      m_SwapUV: 0
      m_Fill: 1
      m_Scale: {x: 1, y: 1}
      m_Offset: {x: 0, y: 0}
      m_Rotation: 0
      m_Anchor: 9
    m_Material: {fileID: 0}
    m_SubmeshIndex: 0
    m_ManualUV: 1
    elementGroup: -1
    m_TextureGroup: -1
  - m_Indexes: 0c0000000d0000000e0000000d0000000f0000000e000000
    m_SmoothingGroup: 1
    m_Uv:
      m_UseWorldSpace: 0
      m_FlipU: 0
      m_FlipV: 0
      m_SwapUV: 0
      m_Fill: 1
      m_Scale: {x: 1, y: 1}
      m_Offset: {x: 0, y: 0}
      m_Rotation: 0
      m_Anchor: 9
    m_Material: {fileID: 0}
    m_SubmeshIndex: 0
    m_ManualUV: 1
    elementGroup: -1
    m_TextureGroup: -1
  - m_Indexes: 100000001100000012000000110000001300000012000000
    m_SmoothingGroup: 1
    m_Uv:
      m_UseWorldSpace: 0
      m_FlipU: 0
      m_FlipV: 0
      m_SwapUV: 0
      m_Fill: 1
      m_Scale: {x: 1, y: 1}
      m_Offset: {x: 0, y: 0}
      m_Rotation: 0
      m_Anchor: 9
    m_Material: {fileID: 0}
    m_SubmeshIndex: 0
    m_ManualUV: 1
    elementGroup: -1
    m_TextureGroup: -1
  - m_Indexes: 140000001500000016000000150000001700000016000000
    m_SmoothingGroup: 1
    m_Uv:
      m_UseWorldSpace: 0
      m_FlipU: 0
      m_FlipV: 0
      m_SwapUV: 0
      m_Fill: 1
      m_Scale: {x: 1, y: 1}
      m_Offset: {x: 0, y: 0}
      m_Rotation: 0
      m_Anchor: 9
    m_Material: {fileID: 0}
    m_SubmeshIndex: 0
    m_ManualUV: 1
    elementGroup: -1
    m_TextureGroup: -1
  - m_Indexes: 18000000190000001a000000190000001b0000001a000000
    m_SmoothingGroup: 1
    m_Uv:
      m_UseWorldSpace: 0
      m_FlipU: 0
      m_FlipV: 0
      m_SwapUV: 0
      m_Fill: 1
      m_Scale: {x: 1, y: 1}
      m_Offset: {x: 0, y: 0}
      m_Rotation: 0
      m_Anchor: 9
    m_Material: {fileID: 0}
    m_SubmeshIndex: 0
    m_ManualUV: 1
    elementGroup: -1
    m_TextureGroup: -1
  - m_Indexes: 1c0000001d0000001e0000001d0000001f0000001e000000
    m_SmoothingGroup: 1
    m_Uv:
      m_UseWorldSpace: 0
      m_FlipU: 0
      m_FlipV: 0
      m_SwapUV: 0
      m_Fill: 1
      m_Scale: {x: 1, y: 1}
      m_Offset: {x: 0, y: 0}
      m_Rotation: 0
      m_Anchor: 9
    m_Material: {fileID: 0}
    m_SubmeshIndex: 0
    m_ManualUV: 1
    elementGroup: -1
    m_TextureGroup: -1
  - m_Indexes: 200000002100000022000000210000002300000022000000
    m_SmoothingGroup: 1
    m_Uv:
      m_UseWorldSpace: 0
      m_FlipU: 0
      m_FlipV: 0
      m_SwapUV: 0
      m_Fill: 1
      m_Scale: {x: 1, y: 1}
      m_Offset: {x: 0, y: 0}
      m_Rotation: 0
      m_Anchor: 9
    m_Material: {fileID: 0}
    m_SubmeshIndex: 0
    m_ManualUV: 1
    elementGroup: -1
    m_TextureGroup: -1
  - m_Indexes: 240000002500000026000000250000002700000026000000
    m_SmoothingGroup: 1
    m_Uv:
      m_UseWorldSpace: 0
      m_FlipU: 0
      m_FlipV: 0
      m_SwapUV: 0
      m_Fill: 1
      m_Scale: {x: 1, y: 1}
      m_Offset: {x: 0, y: 0}
      m_Rotation: 0
      m_Anchor: 9
    m_Material: {fileID: 0}
    m_SubmeshIndex: 0
    m_ManualUV: 1
    elementGroup: -1
    m_TextureGroup: -1
  - m_Indexes: 28000000290000002a000000290000002b0000002a000000
    m_SmoothingGroup: 1
    m_Uv:
      m_UseWorldSpace: 0
      m_FlipU: 0
      m_FlipV: 0
      m_SwapUV: 0
      m_Fill: 1
      m_Scale: {x: 1, y: 1}
      m_Offset: {x: 0, y: 0}
      m_Rotation: 0
      m_Anchor: 9
    m_Material: {fileID: 0}
    m_SubmeshIndex: 0
    m_ManualUV: 1
    elementGroup: -1
    m_TextureGroup: -1
  - m_Indexes: 2c0000002d0000002e0000002d0000002f0000002e000000
    m_SmoothingGroup: 1
    m_Uv:
      m_UseWorldSpace: 0
      m_FlipU: 0
      m_FlipV: 0
      m_SwapUV: 0
      m_Fill: 1
      m_Scale: {x: 1, y: 1}
      m_Offset: {x: 0, y: 0}
      m_Rotation: 0
      m_Anchor: 9
    m_Material: {fileID: 0}
    m_SubmeshIndex: 0
    m_ManualUV: 1
    elementGroup: -1
    m_TextureGroup: -1
  - m_Indexes: 300000003100000032000000310000003300000032000000
    m_SmoothingGroup: 1
    m_Uv:
      m_UseWorldSpace: 0
      m_FlipU: 0
      m_FlipV: 0
      m_SwapUV: 0
      m_Fill: 1
      m_Scale: {x: 1, y: 1}
      m_Offset: {x: 0, y: 0}
      m_Rotation: 0
      m_Anchor: 9
    m_Material: {fileID: 0}
    m_SubmeshIndex: 0
    m_ManualUV: 1
    elementGroup: -1
    m_TextureGroup: -1
  - m_Indexes: 340000003500000036000000350000003700000036000000
    m_SmoothingGroup: 1
    m_Uv:
      m_UseWorldSpace: 0
      m_FlipU: 0
      m_FlipV: 0
      m_SwapUV: 0
      m_Fill: 1
      m_Scale: {x: 1, y: 1}
      m_Offset: {x: 0, y: 0}
      m_Rotation: 0
      m_Anchor: 9
    m_Material: {fileID: 0}
    m_SubmeshIndex: 0
    m_ManualUV: 1
    elementGroup: -1
    m_TextureGroup: -1
  - m_Indexes: 38000000390000003a000000390000003b0000003a000000
    m_SmoothingGroup: 1
    m_Uv:
      m_UseWorldSpace: 0
      m_FlipU: 0
      m_FlipV: 0
      m_SwapUV: 0
      m_Fill: 1
      m_Scale: {x: 1, y: 1}
      m_Offset: {x: 0, y: 0}
      m_Rotation: 0
      m_Anchor: 9
    m_Material: {fileID: 0}
    m_SubmeshIndex: 0
    m_ManualUV: 1
    elementGroup: -1
    m_TextureGroup: -1
  - m_Indexes: 3c0000003d0000003e0000003d0000003f0000003e000000
    m_SmoothingGroup: 1
    m_Uv:
      m_UseWorldSpace: 0
      m_FlipU: 0
      m_FlipV: 0
      m_SwapUV: 0
      m_Fill: 1
      m_Scale: {x: 1, y: 1}
      m_Offset: {x: 0, y: 0}
      m_Rotation: 0
      m_Anchor: 9
    m_Material: {fileID: 0}
    m_SubmeshIndex: 0
    m_ManualUV: 1
    elementGroup: -1
    m_TextureGroup: -1
  - m_Indexes: 420000004100000040000000
    m_SmoothingGroup: 0
    m_Uv:
      m_UseWorldSpace: 0
      m_FlipU: 0
      m_FlipV: 0
      m_SwapUV: 0
      m_Fill: 1
      m_Scale: {x: 1, y: 1}
      m_Offset: {x: 0, y: 0}
      m_Rotation: 0
      m_Anchor: 9
    m_Material: {fileID: 2100000, guid: c22777d6e868e4f2fb421913386b154e, type: 2}
    m_SubmeshIndex: 0
    m_ManualUV: 1
    elementGroup: 0
    m_TextureGroup: -1
  - m_Indexes: 480000004700000046000000
    m_SmoothingGroup: 0
    m_Uv:
      m_UseWorldSpace: 0
      m_FlipU: 0
      m_FlipV: 0
      m_SwapUV: 0
      m_Fill: 1
      m_Scale: {x: 1, y: 1}
      m_Offset: {x: 0, y: 0}
      m_Rotation: 0
      m_Anchor: 9
    m_Material: {fileID: 2100000, guid: c22777d6e868e4f2fb421913386b154e, type: 2}
    m_SubmeshIndex: 0
    m_ManualUV: 1
    elementGroup: 0
    m_TextureGroup: -1
  - m_Indexes: 4e0000004d0000004c000000
    m_SmoothingGroup: 0
    m_Uv:
      m_UseWorldSpace: 0
      m_FlipU: 0
      m_FlipV: 0
      m_SwapUV: 0
      m_Fill: 1
      m_Scale: {x: 1, y: 1}
      m_Offset: {x: 0, y: 0}
      m_Rotation: 0
      m_Anchor: 9
    m_Material: {fileID: 2100000, guid: c22777d6e868e4f2fb421913386b154e, type: 2}
    m_SubmeshIndex: 0
    m_ManualUV: 1
    elementGroup: 0
    m_TextureGroup: -1
  - m_Indexes: 540000005300000052000000
    m_SmoothingGroup: 0
    m_Uv:
      m_UseWorldSpace: 0
      m_FlipU: 0
      m_FlipV: 0
      m_SwapUV: 0
      m_Fill: 1
      m_Scale: {x: 1, y: 1}
      m_Offset: {x: 0, y: 0}
      m_Rotation: 0
      m_Anchor: 9
    m_Material: {fileID: 2100000, guid: c22777d6e868e4f2fb421913386b154e, type: 2}
    m_SubmeshIndex: 0
    m_ManualUV: 1
    elementGroup: 0
    m_TextureGroup: -1
  - m_Indexes: 5a0000005900000058000000
    m_SmoothingGroup: 0
    m_Uv:
      m_UseWorldSpace: 0
      m_FlipU: 0
      m_FlipV: 0
      m_SwapUV: 0
      m_Fill: 1
      m_Scale: {x: 1, y: 1}
      m_Offset: {x: 0, y: 0}
      m_Rotation: 0
      m_Anchor: 9
    m_Material: {fileID: 2100000, guid: c22777d6e868e4f2fb421913386b154e, type: 2}
    m_SubmeshIndex: 0
    m_ManualUV: 1
    elementGroup: 0
    m_TextureGroup: -1
  - m_Indexes: 600000005f0000005e000000
    m_SmoothingGroup: 0
    m_Uv:
      m_UseWorldSpace: 0
      m_FlipU: 0
      m_FlipV: 0
      m_SwapUV: 0
      m_Fill: 1
      m_Scale: {x: 1, y: 1}
      m_Offset: {x: 0, y: 0}
      m_Rotation: 0
      m_Anchor: 9
    m_Material: {fileID: 2100000, guid: c22777d6e868e4f2fb421913386b154e, type: 2}
    m_SubmeshIndex: 0
    m_ManualUV: 1
    elementGroup: 0
    m_TextureGroup: -1
  - m_Indexes: 660000006500000064000000
    m_SmoothingGroup: 0
    m_Uv:
      m_UseWorldSpace: 0
      m_FlipU: 0
      m_FlipV: 0
      m_SwapUV: 0
      m_Fill: 1
      m_Scale: {x: 1, y: 1}
      m_Offset: {x: 0, y: 0}
      m_Rotation: 0
      m_Anchor: 9
    m_Material: {fileID: 2100000, guid: c22777d6e868e4f2fb421913386b154e, type: 2}
    m_SubmeshIndex: 0
    m_ManualUV: 1
    elementGroup: 0
    m_TextureGroup: -1
  - m_Indexes: 6c0000006b0000006a000000
    m_SmoothingGroup: 0
    m_Uv:
      m_UseWorldSpace: 0
      m_FlipU: 0
      m_FlipV: 0
      m_SwapUV: 0
      m_Fill: 1
      m_Scale: {x: 1, y: 1}
      m_Offset: {x: 0, y: 0}
      m_Rotation: 0
      m_Anchor: 9
    m_Material: {fileID: 2100000, guid: c22777d6e868e4f2fb421913386b154e, type: 2}
    m_SubmeshIndex: 0
    m_ManualUV: 1
    elementGroup: 0
    m_TextureGroup: -1
  - m_Indexes: 720000007100000070000000
    m_SmoothingGroup: 0
    m_Uv:
      m_UseWorldSpace: 0
      m_FlipU: 0
      m_FlipV: 0
      m_SwapUV: 0
      m_Fill: 1
      m_Scale: {x: 1, y: 1}
      m_Offset: {x: 0, y: 0}
      m_Rotation: 0
      m_Anchor: 9
    m_Material: {fileID: 2100000, guid: c22777d6e868e4f2fb421913386b154e, type: 2}
    m_SubmeshIndex: 0
    m_ManualUV: 1
    elementGroup: 0
    m_TextureGroup: -1
  - m_Indexes: 780000007700000076000000
    m_SmoothingGroup: 0
    m_Uv:
      m_UseWorldSpace: 0
      m_FlipU: 0
      m_FlipV: 0
      m_SwapUV: 0
      m_Fill: 1
      m_Scale: {x: 1, y: 1}
      m_Offset: {x: 0, y: 0}
      m_Rotation: 0
      m_Anchor: 9
    m_Material: {fileID: 2100000, guid: c22777d6e868e4f2fb421913386b154e, type: 2}
    m_SubmeshIndex: 0
    m_ManualUV: 1
    elementGroup: 0
    m_TextureGroup: -1
  - m_Indexes: 7e0000007d0000007c000000
    m_SmoothingGroup: 0
    m_Uv:
      m_UseWorldSpace: 0
      m_FlipU: 0
      m_FlipV: 0
      m_SwapUV: 0
      m_Fill: 1
      m_Scale: {x: 1, y: 1}
      m_Offset: {x: 0, y: 0}
      m_Rotation: 0
      m_Anchor: 9
    m_Material: {fileID: 2100000, guid: c22777d6e868e4f2fb421913386b154e, type: 2}
    m_SubmeshIndex: 0
    m_ManualUV: 1
    elementGroup: 0
    m_TextureGroup: -1
  - m_Indexes: 840000008300000082000000
    m_SmoothingGroup: 0
    m_Uv:
      m_UseWorldSpace: 0
      m_FlipU: 0
      m_FlipV: 0
      m_SwapUV: 0
      m_Fill: 1
      m_Scale: {x: 1, y: 1}
      m_Offset: {x: 0, y: 0}
      m_Rotation: 0
      m_Anchor: 9
    m_Material: {fileID: 2100000, guid: c22777d6e868e4f2fb421913386b154e, type: 2}
    m_SubmeshIndex: 0
    m_ManualUV: 1
    elementGroup: 0
    m_TextureGroup: -1
  - m_Indexes: 8a0000008900000088000000
    m_SmoothingGroup: 0
    m_Uv:
      m_UseWorldSpace: 0
      m_FlipU: 0
      m_FlipV: 0
      m_SwapUV: 0
      m_Fill: 1
      m_Scale: {x: 1, y: 1}
      m_Offset: {x: 0, y: 0}
      m_Rotation: 0
      m_Anchor: 9
    m_Material: {fileID: 2100000, guid: c22777d6e868e4f2fb421913386b154e, type: 2}
    m_SubmeshIndex: 0
    m_ManualUV: 1
    elementGroup: 0
    m_TextureGroup: -1
  - m_Indexes: 900000008f0000008e000000
    m_SmoothingGroup: 0
    m_Uv:
      m_UseWorldSpace: 0
      m_FlipU: 0
      m_FlipV: 0
      m_SwapUV: 0
      m_Fill: 1
      m_Scale: {x: 1, y: 1}
      m_Offset: {x: 0, y: 0}
      m_Rotation: 0
      m_Anchor: 9
    m_Material: {fileID: 2100000, guid: c22777d6e868e4f2fb421913386b154e, type: 2}
    m_SubmeshIndex: 0
    m_ManualUV: 1
    elementGroup: 0
    m_TextureGroup: -1
  - m_Indexes: 960000009500000094000000
    m_SmoothingGroup: 0
    m_Uv:
      m_UseWorldSpace: 0
      m_FlipU: 0
      m_FlipV: 0
      m_SwapUV: 0
      m_Fill: 1
      m_Scale: {x: 1, y: 1}
      m_Offset: {x: 0, y: 0}
      m_Rotation: 0
      m_Anchor: 9
    m_Material: {fileID: 2100000, guid: c22777d6e868e4f2fb421913386b154e, type: 2}
    m_SubmeshIndex: 0
    m_ManualUV: 1
    elementGroup: 0
    m_TextureGroup: -1
  - m_Indexes: 9c0000009b0000009a000000
    m_SmoothingGroup: 0
    m_Uv:
      m_UseWorldSpace: 0
      m_FlipU: 0
      m_FlipV: 0
      m_SwapUV: 0
      m_Fill: 1
      m_Scale: {x: 1, y: 1}
      m_Offset: {x: 0, y: 0}
      m_Rotation: 0
      m_Anchor: 9
    m_Material: {fileID: 2100000, guid: c22777d6e868e4f2fb421913386b154e, type: 2}
    m_SubmeshIndex: 0
    m_ManualUV: 1
    elementGroup: 0
    m_TextureGroup: -1
  - m_Indexes: 430000004400000045000000
    m_SmoothingGroup: 0
    m_Uv:
      m_UseWorldSpace: 0
      m_FlipU: 0
      m_FlipV: 0
      m_SwapUV: 0
      m_Fill: 1
      m_Scale: {x: 1, y: 1}
      m_Offset: {x: 0, y: 0}
      m_Rotation: 0
      m_Anchor: 9
    m_Material: {fileID: 2100000, guid: c22777d6e868e4f2fb421913386b154e, type: 2}
    m_SubmeshIndex: 0
    m_ManualUV: 1
    elementGroup: 0
    m_TextureGroup: -1
  - m_Indexes: 490000004a0000004b000000
    m_SmoothingGroup: 0
    m_Uv:
      m_UseWorldSpace: 0
      m_FlipU: 0
      m_FlipV: 0
      m_SwapUV: 0
      m_Fill: 1
      m_Scale: {x: 1, y: 1}
      m_Offset: {x: 0, y: 0}
      m_Rotation: 0
      m_Anchor: 9
    m_Material: {fileID: 2100000, guid: c22777d6e868e4f2fb421913386b154e, type: 2}
    m_SubmeshIndex: 0
    m_ManualUV: 1
    elementGroup: 0
    m_TextureGroup: -1
  - m_Indexes: 4f0000005000000051000000
    m_SmoothingGroup: 0
    m_Uv:
      m_UseWorldSpace: 0
      m_FlipU: 0
      m_FlipV: 0
      m_SwapUV: 0
      m_Fill: 1
      m_Scale: {x: 1, y: 1}
      m_Offset: {x: 0, y: 0}
      m_Rotation: 0
      m_Anchor: 9
    m_Material: {fileID: 2100000, guid: c22777d6e868e4f2fb421913386b154e, type: 2}
    m_SubmeshIndex: 0
    m_ManualUV: 1
    elementGroup: 0
    m_TextureGroup: -1
  - m_Indexes: 550000005600000057000000
    m_SmoothingGroup: 0
    m_Uv:
      m_UseWorldSpace: 0
      m_FlipU: 0
      m_FlipV: 0
      m_SwapUV: 0
      m_Fill: 1
      m_Scale: {x: 1, y: 1}
      m_Offset: {x: 0, y: 0}
      m_Rotation: 0
      m_Anchor: 9
    m_Material: {fileID: 2100000, guid: c22777d6e868e4f2fb421913386b154e, type: 2}
    m_SubmeshIndex: 0
    m_ManualUV: 1
    elementGroup: 0
    m_TextureGroup: -1
  - m_Indexes: 5b0000005c0000005d000000
    m_SmoothingGroup: 0
    m_Uv:
      m_UseWorldSpace: 0
      m_FlipU: 0
      m_FlipV: 0
      m_SwapUV: 0
      m_Fill: 1
      m_Scale: {x: 1, y: 1}
      m_Offset: {x: 0, y: 0}
      m_Rotation: 0
      m_Anchor: 9
    m_Material: {fileID: 2100000, guid: c22777d6e868e4f2fb421913386b154e, type: 2}
    m_SubmeshIndex: 0
    m_ManualUV: 1
    elementGroup: 0
    m_TextureGroup: -1
  - m_Indexes: 610000006200000063000000
    m_SmoothingGroup: 0
    m_Uv:
      m_UseWorldSpace: 0
      m_FlipU: 0
      m_FlipV: 0
      m_SwapUV: 0
      m_Fill: 1
      m_Scale: {x: 1, y: 1}
      m_Offset: {x: 0, y: 0}
      m_Rotation: 0
      m_Anchor: 9
    m_Material: {fileID: 2100000, guid: c22777d6e868e4f2fb421913386b154e, type: 2}
    m_SubmeshIndex: 0
    m_ManualUV: 1
    elementGroup: 0
    m_TextureGroup: -1
  - m_Indexes: 670000006800000069000000
    m_SmoothingGroup: 0
    m_Uv:
      m_UseWorldSpace: 0
      m_FlipU: 0
      m_FlipV: 0
      m_SwapUV: 0
      m_Fill: 1
      m_Scale: {x: 1, y: 1}
      m_Offset: {x: 0, y: 0}
      m_Rotation: 0
      m_Anchor: 9
    m_Material: {fileID: 2100000, guid: c22777d6e868e4f2fb421913386b154e, type: 2}
    m_SubmeshIndex: 0
    m_ManualUV: 1
    elementGroup: 0
    m_TextureGroup: -1
  - m_Indexes: 6d0000006e0000006f000000
    m_SmoothingGroup: 0
    m_Uv:
      m_UseWorldSpace: 0
      m_FlipU: 0
      m_FlipV: 0
      m_SwapUV: 0
      m_Fill: 1
      m_Scale: {x: 1, y: 1}
      m_Offset: {x: 0, y: 0}
      m_Rotation: 0
      m_Anchor: 9
    m_Material: {fileID: 2100000, guid: c22777d6e868e4f2fb421913386b154e, type: 2}
    m_SubmeshIndex: 0
    m_ManualUV: 1
    elementGroup: 0
    m_TextureGroup: -1
  - m_Indexes: 730000007400000075000000
    m_SmoothingGroup: 0
    m_Uv:
      m_UseWorldSpace: 0
      m_FlipU: 0
      m_FlipV: 0
      m_SwapUV: 0
      m_Fill: 1
      m_Scale: {x: 1, y: 1}
      m_Offset: {x: 0, y: 0}
      m_Rotation: 0
      m_Anchor: 9
    m_Material: {fileID: 2100000, guid: c22777d6e868e4f2fb421913386b154e, type: 2}
    m_SubmeshIndex: 0
    m_ManualUV: 1
    elementGroup: 0
    m_TextureGroup: -1
  - m_Indexes: 790000007a0000007b000000
    m_SmoothingGroup: 0
    m_Uv:
      m_UseWorldSpace: 0
      m_FlipU: 0
      m_FlipV: 0
      m_SwapUV: 0
      m_Fill: 1
      m_Scale: {x: 1, y: 1}
      m_Offset: {x: 0, y: 0}
      m_Rotation: 0
      m_Anchor: 9
    m_Material: {fileID: 2100000, guid: c22777d6e868e4f2fb421913386b154e, type: 2}
    m_SubmeshIndex: 0
    m_ManualUV: 1
    elementGroup: 0
    m_TextureGroup: -1
  - m_Indexes: 7f0000008000000081000000
    m_SmoothingGroup: 0
    m_Uv:
      m_UseWorldSpace: 0
      m_FlipU: 0
      m_FlipV: 0
      m_SwapUV: 0
      m_Fill: 1
      m_Scale: {x: 1, y: 1}
      m_Offset: {x: 0, y: 0}
      m_Rotation: 0
      m_Anchor: 9
    m_Material: {fileID: 2100000, guid: c22777d6e868e4f2fb421913386b154e, type: 2}
    m_SubmeshIndex: 0
    m_ManualUV: 1
    elementGroup: 0
    m_TextureGroup: -1
  - m_Indexes: 850000008600000087000000
    m_SmoothingGroup: 0
    m_Uv:
      m_UseWorldSpace: 0
      m_FlipU: 0
      m_FlipV: 0
      m_SwapUV: 0
      m_Fill: 1
      m_Scale: {x: 1, y: 1}
      m_Offset: {x: 0, y: 0}
      m_Rotation: 0
      m_Anchor: 9
    m_Material: {fileID: 2100000, guid: c22777d6e868e4f2fb421913386b154e, type: 2}
    m_SubmeshIndex: 0
    m_ManualUV: 1
    elementGroup: 0
    m_TextureGroup: -1
  - m_Indexes: 8b0000008c0000008d000000
    m_SmoothingGroup: 0
    m_Uv:
      m_UseWorldSpace: 0
      m_FlipU: 0
      m_FlipV: 0
      m_SwapUV: 0
      m_Fill: 1
      m_Scale: {x: 1, y: 1}
      m_Offset: {x: 0, y: 0}
      m_Rotation: 0
      m_Anchor: 9
    m_Material: {fileID: 2100000, guid: c22777d6e868e4f2fb421913386b154e, type: 2}
    m_SubmeshIndex: 0
    m_ManualUV: 1
    elementGroup: 0
    m_TextureGroup: -1
  - m_Indexes: 910000009200000093000000
    m_SmoothingGroup: 0
    m_Uv:
      m_UseWorldSpace: 0
      m_FlipU: 0
      m_FlipV: 0
      m_SwapUV: 0
      m_Fill: 1
      m_Scale: {x: 1, y: 1}
      m_Offset: {x: 0, y: 0}
      m_Rotation: 0
      m_Anchor: 9
    m_Material: {fileID: 2100000, guid: c22777d6e868e4f2fb421913386b154e, type: 2}
    m_SubmeshIndex: 0
    m_ManualUV: 1
    elementGroup: 0
    m_TextureGroup: -1
  - m_Indexes: 970000009800000099000000
    m_SmoothingGroup: 0
    m_Uv:
      m_UseWorldSpace: 0
      m_FlipU: 0
      m_FlipV: 0
      m_SwapUV: 0
      m_Fill: 1
      m_Scale: {x: 1, y: 1}
      m_Offset: {x: 0, y: 0}
      m_Rotation: 0
      m_Anchor: 9
    m_Material: {fileID: 2100000, guid: c22777d6e868e4f2fb421913386b154e, type: 2}
    m_SubmeshIndex: 0
    m_ManualUV: 1
    elementGroup: 0
    m_TextureGroup: -1
  - m_Indexes: 9d0000009e0000009f000000
    m_SmoothingGroup: 0
    m_Uv:
      m_UseWorldSpace: 0
      m_FlipU: 0
      m_FlipV: 0
      m_SwapUV: 0
      m_Fill: 1
      m_Scale: {x: 1, y: 1}
      m_Offset: {x: 0, y: 0}
      m_Rotation: 0
      m_Anchor: 9
    m_Material: {fileID: 2100000, guid: c22777d6e868e4f2fb421913386b154e, type: 2}
    m_SubmeshIndex: 0
    m_ManualUV: 1
    elementGroup: 0
    m_TextureGroup: -1
  - m_Indexes: a2000000a1000000a0000000a2000000a3000000a1000000
    m_SmoothingGroup: -1
    m_Uv:
      m_UseWorldSpace: 0
      m_FlipU: 0
      m_FlipV: 0
      m_SwapUV: 0
      m_Fill: 1
      m_Scale: {x: 1, y: 1}
      m_Offset: {x: 0, y: 0}
      m_Rotation: 0
      m_Anchor: 9
    m_Material: {fileID: 0}
    m_SubmeshIndex: 0
    m_ManualUV: 0
    elementGroup: -1
    m_TextureGroup: -1
  - m_Indexes: a6000000a5000000a4000000a6000000a7000000a5000000
    m_SmoothingGroup: -1
    m_Uv:
      m_UseWorldSpace: 0
      m_FlipU: 0
      m_FlipV: 0
      m_SwapUV: 0
      m_Fill: 1
      m_Scale: {x: 1, y: 1}
      m_Offset: {x: 0, y: 0}
      m_Rotation: 0
      m_Anchor: 9
    m_Material: {fileID: 0}
    m_SubmeshIndex: 0
    m_ManualUV: 0
    elementGroup: -1
    m_TextureGroup: -1
  - m_Indexes: aa000000a9000000a8000000aa000000ab000000a9000000
    m_SmoothingGroup: -1
    m_Uv:
      m_UseWorldSpace: 0
      m_FlipU: 0
      m_FlipV: 0
      m_SwapUV: 0
      m_Fill: 1
      m_Scale: {x: 1, y: 1}
      m_Offset: {x: 0, y: 0}
      m_Rotation: 0
      m_Anchor: 9
    m_Material: {fileID: 0}
    m_SubmeshIndex: 0
    m_ManualUV: 0
    elementGroup: -1
    m_TextureGroup: -1
  - m_Indexes: ae000000ad000000ac000000ae000000af000000ad000000
    m_SmoothingGroup: -1
    m_Uv:
      m_UseWorldSpace: 0
      m_FlipU: 0
      m_FlipV: 0
      m_SwapUV: 0
      m_Fill: 1
      m_Scale: {x: 1, y: 1}
      m_Offset: {x: 0, y: 0}
      m_Rotation: 0
      m_Anchor: 9
    m_Material: {fileID: 0}
    m_SubmeshIndex: 0
    m_ManualUV: 0
    elementGroup: -1
    m_TextureGroup: -1
  - m_Indexes: b2000000b1000000b0000000b2000000b3000000b1000000
    m_SmoothingGroup: -1
    m_Uv:
      m_UseWorldSpace: 0
      m_FlipU: 0
      m_FlipV: 0
      m_SwapUV: 0
      m_Fill: 1
      m_Scale: {x: 1, y: 1}
      m_Offset: {x: 0, y: 0}
      m_Rotation: 0
      m_Anchor: 9
    m_Material: {fileID: 0}
    m_SubmeshIndex: 0
    m_ManualUV: 0
    elementGroup: -1
    m_TextureGroup: -1
  - m_Indexes: b6000000b5000000b4000000b6000000b7000000b5000000
    m_SmoothingGroup: -1
    m_Uv:
      m_UseWorldSpace: 0
      m_FlipU: 0
      m_FlipV: 0
      m_SwapUV: 0
      m_Fill: 1
      m_Scale: {x: 1, y: 1}
      m_Offset: {x: 0, y: 0}
      m_Rotation: 0
      m_Anchor: 9
    m_Material: {fileID: 0}
    m_SubmeshIndex: 0
    m_ManualUV: 0
    elementGroup: -1
    m_TextureGroup: -1
  - m_Indexes: ba000000b9000000b8000000ba000000bb000000b9000000
    m_SmoothingGroup: -1
    m_Uv:
      m_UseWorldSpace: 0
      m_FlipU: 0
      m_FlipV: 0
      m_SwapUV: 0
      m_Fill: 1
      m_Scale: {x: 1, y: 1}
      m_Offset: {x: 0, y: 0}
      m_Rotation: 0
      m_Anchor: 9
    m_Material: {fileID: 0}
    m_SubmeshIndex: 0
    m_ManualUV: 0
    elementGroup: -1
    m_TextureGroup: -1
  - m_Indexes: be000000bd000000bc000000be000000bf000000bd000000
    m_SmoothingGroup: -1
    m_Uv:
      m_UseWorldSpace: 0
      m_FlipU: 0
      m_FlipV: 0
      m_SwapUV: 0
      m_Fill: 1
      m_Scale: {x: 1, y: 1}
      m_Offset: {x: 0, y: 0}
      m_Rotation: 0
      m_Anchor: 9
    m_Material: {fileID: 0}
    m_SubmeshIndex: 0
    m_ManualUV: 0
    elementGroup: -1
    m_TextureGroup: -1
  - m_Indexes: c2000000c1000000c0000000c2000000c3000000c1000000
    m_SmoothingGroup: -1
    m_Uv:
      m_UseWorldSpace: 0
      m_FlipU: 0
      m_FlipV: 0
      m_SwapUV: 0
      m_Fill: 1
      m_Scale: {x: 1, y: 1}
      m_Offset: {x: 0, y: 0}
      m_Rotation: 0
      m_Anchor: 9
    m_Material: {fileID: 0}
    m_SubmeshIndex: 0
    m_ManualUV: 0
    elementGroup: -1
    m_TextureGroup: -1
  - m_Indexes: c6000000c5000000c4000000c6000000c7000000c5000000
    m_SmoothingGroup: -1
    m_Uv:
      m_UseWorldSpace: 0
      m_FlipU: 0
      m_FlipV: 0
      m_SwapUV: 0
      m_Fill: 1
      m_Scale: {x: 1, y: 1}
      m_Offset: {x: 0, y: 0}
      m_Rotation: 0
      m_Anchor: 9
    m_Material: {fileID: 0}
    m_SubmeshIndex: 0
    m_ManualUV: 0
    elementGroup: -1
    m_TextureGroup: -1
  - m_Indexes: ca000000c9000000c8000000ca000000cb000000c9000000
    m_SmoothingGroup: -1
    m_Uv:
      m_UseWorldSpace: 0
      m_FlipU: 0
      m_FlipV: 0
      m_SwapUV: 0
      m_Fill: 1
      m_Scale: {x: 1, y: 1}
      m_Offset: {x: 0, y: 0}
      m_Rotation: 0
      m_Anchor: 9
    m_Material: {fileID: 0}
    m_SubmeshIndex: 0
    m_ManualUV: 0
    elementGroup: -1
    m_TextureGroup: -1
  - m_Indexes: ce000000cd000000cc000000ce000000cf000000cd000000
    m_SmoothingGroup: -1
    m_Uv:
      m_UseWorldSpace: 0
      m_FlipU: 0
      m_FlipV: 0
      m_SwapUV: 0
      m_Fill: 1
      m_Scale: {x: 1, y: 1}
      m_Offset: {x: 0, y: 0}
      m_Rotation: 0
      m_Anchor: 9
    m_Material: {fileID: 0}
    m_SubmeshIndex: 0
    m_ManualUV: 0
    elementGroup: -1
    m_TextureGroup: -1
  - m_Indexes: d2000000d1000000d0000000d2000000d3000000d1000000
    m_SmoothingGroup: -1
    m_Uv:
      m_UseWorldSpace: 0
      m_FlipU: 0
      m_FlipV: 0
      m_SwapUV: 0
      m_Fill: 1
      m_Scale: {x: 1, y: 1}
      m_Offset: {x: 0, y: 0}
      m_Rotation: 0
      m_Anchor: 9
    m_Material: {fileID: 0}
    m_SubmeshIndex: 0
    m_ManualUV: 0
    elementGroup: -1
    m_TextureGroup: -1
  - m_Indexes: d6000000d5000000d4000000d6000000d7000000d5000000
    m_SmoothingGroup: -1
    m_Uv:
      m_UseWorldSpace: 0
      m_FlipU: 0
      m_FlipV: 0
      m_SwapUV: 0
      m_Fill: 1
      m_Scale: {x: 1, y: 1}
      m_Offset: {x: 0, y: 0}
      m_Rotation: 0
      m_Anchor: 9
    m_Material: {fileID: 0}
    m_SubmeshIndex: 0
    m_ManualUV: 0
    elementGroup: -1
    m_TextureGroup: -1
  - m_Indexes: da000000d9000000d8000000da000000db000000d9000000
    m_SmoothingGroup: -1
    m_Uv:
      m_UseWorldSpace: 0
      m_FlipU: 0
      m_FlipV: 0
      m_SwapUV: 0
      m_Fill: 1
      m_Scale: {x: 1, y: 1}
      m_Offset: {x: 0, y: 0}
      m_Rotation: 0
      m_Anchor: 9
    m_Material: {fileID: 0}
    m_SubmeshIndex: 0
    m_ManualUV: 0
    elementGroup: -1
    m_TextureGroup: -1
  - m_Indexes: de000000dd000000dc000000de000000df000000dd000000
    m_SmoothingGroup: -1
    m_Uv:
      m_UseWorldSpace: 0
      m_FlipU: 0
      m_FlipV: 0
      m_SwapUV: 0
      m_Fill: 1
      m_Scale: {x: 1, y: 1}
      m_Offset: {x: 0, y: 0}
      m_Rotation: 0
      m_Anchor: 9
    m_Material: {fileID: 0}
    m_SubmeshIndex: 0
    m_ManualUV: 0
    elementGroup: -1
    m_TextureGroup: -1
  - m_Indexes: e2000000e1000000e0000000e2000000e3000000e1000000
    m_SmoothingGroup: -1
    m_Uv:
      m_UseWorldSpace: 0
      m_FlipU: 0
      m_FlipV: 0
      m_SwapUV: 0
      m_Fill: 1
      m_Scale: {x: 1, y: 1}
      m_Offset: {x: 0, y: 0}
      m_Rotation: 0
      m_Anchor: 9
    m_Material: {fileID: 0}
    m_SubmeshIndex: 0
    m_ManualUV: 0
    elementGroup: -1
    m_TextureGroup: -1
  - m_Indexes: e6000000e5000000e4000000e6000000e7000000e5000000
    m_SmoothingGroup: -1
    m_Uv:
      m_UseWorldSpace: 0
      m_FlipU: 0
      m_FlipV: 0
      m_SwapUV: 0
      m_Fill: 1
      m_Scale: {x: 1, y: 1}
      m_Offset: {x: 0, y: 0}
      m_Rotation: 0
      m_Anchor: 9
    m_Material: {fileID: 0}
    m_SubmeshIndex: 0
    m_ManualUV: 0
    elementGroup: -1
    m_TextureGroup: -1
  - m_Indexes: ea000000e9000000e8000000ea000000eb000000e9000000
    m_SmoothingGroup: -1
    m_Uv:
      m_UseWorldSpace: 0
      m_FlipU: 0
      m_FlipV: 0
      m_SwapUV: 0
      m_Fill: 1
      m_Scale: {x: 1, y: 1}
      m_Offset: {x: 0, y: 0}
      m_Rotation: 0
      m_Anchor: 9
    m_Material: {fileID: 0}
    m_SubmeshIndex: 0
    m_ManualUV: 0
    elementGroup: -1
    m_TextureGroup: -1
  - m_Indexes: ee000000ed000000ec000000ee000000ef000000ed000000
    m_SmoothingGroup: -1
    m_Uv:
      m_UseWorldSpace: 0
      m_FlipU: 0
      m_FlipV: 0
      m_SwapUV: 0
      m_Fill: 1
      m_Scale: {x: 1, y: 1}
      m_Offset: {x: 0, y: 0}
      m_Rotation: 0
      m_Anchor: 9
    m_Material: {fileID: 0}
    m_SubmeshIndex: 0
    m_ManualUV: 0
    elementGroup: -1
    m_TextureGroup: -1
  - m_Indexes: f2000000f1000000f0000000f2000000f3000000f1000000
    m_SmoothingGroup: -1
    m_Uv:
      m_UseWorldSpace: 0
      m_FlipU: 0
      m_FlipV: 0
      m_SwapUV: 0
      m_Fill: 1
      m_Scale: {x: 1, y: 1}
      m_Offset: {x: 0, y: 0}
      m_Rotation: 0
      m_Anchor: 9
    m_Material: {fileID: 0}
    m_SubmeshIndex: 0
    m_ManualUV: 0
    elementGroup: -1
    m_TextureGroup: -1
  - m_Indexes: f6000000f5000000f4000000f6000000f7000000f5000000
    m_SmoothingGroup: -1
    m_Uv:
      m_UseWorldSpace: 0
      m_FlipU: 0
      m_FlipV: 0
      m_SwapUV: 0
      m_Fill: 1
      m_Scale: {x: 1, y: 1}
      m_Offset: {x: 0, y: 0}
      m_Rotation: 0
      m_Anchor: 9
    m_Material: {fileID: 0}
    m_SubmeshIndex: 0
    m_ManualUV: 0
    elementGroup: -1
    m_TextureGroup: -1
  - m_Indexes: fa000000f9000000f8000000fa000000fb000000f9000000
    m_SmoothingGroup: -1
    m_Uv:
      m_UseWorldSpace: 0
      m_FlipU: 0
      m_FlipV: 0
      m_SwapUV: 0
      m_Fill: 1
      m_Scale: {x: 1, y: 1}
      m_Offset: {x: 0, y: 0}
      m_Rotation: 0
      m_Anchor: 9
    m_Material: {fileID: 0}
    m_SubmeshIndex: 0
    m_ManualUV: 0
    elementGroup: -1
    m_TextureGroup: -1
  - m_Indexes: fe000000fd000000fc000000fe000000ff000000fd000000
    m_SmoothingGroup: -1
    m_Uv:
      m_UseWorldSpace: 0
      m_FlipU: 0
      m_FlipV: 0
      m_SwapUV: 0
      m_Fill: 1
      m_Scale: {x: 1, y: 1}
      m_Offset: {x: 0, y: 0}
      m_Rotation: 0
      m_Anchor: 9
    m_Material: {fileID: 0}
    m_SubmeshIndex: 0
    m_ManualUV: 0
    elementGroup: -1
    m_TextureGroup: -1
  - m_Indexes: 020100000101000000010000020100000301000001010000
    m_SmoothingGroup: -1
    m_Uv:
      m_UseWorldSpace: 0
      m_FlipU: 0
      m_FlipV: 0
      m_SwapUV: 0
      m_Fill: 1
      m_Scale: {x: 1, y: 1}
      m_Offset: {x: 0, y: 0}
      m_Rotation: 0
      m_Anchor: 9
    m_Material: {fileID: 0}
    m_SubmeshIndex: 0
    m_ManualUV: 0
    elementGroup: -1
    m_TextureGroup: -1
  - m_Indexes: 060100000501000004010000060100000701000005010000
    m_SmoothingGroup: -1
    m_Uv:
      m_UseWorldSpace: 0
      m_FlipU: 0
      m_FlipV: 0
      m_SwapUV: 0
      m_Fill: 1
      m_Scale: {x: 1, y: 1}
      m_Offset: {x: 0, y: 0}
      m_Rotation: 0
      m_Anchor: 9
    m_Material: {fileID: 0}
    m_SubmeshIndex: 0
    m_ManualUV: 0
    elementGroup: -1
    m_TextureGroup: -1
  - m_Indexes: 0a01000009010000080100000a0100000b01000009010000
    m_SmoothingGroup: -1
    m_Uv:
      m_UseWorldSpace: 0
      m_FlipU: 0
      m_FlipV: 0
      m_SwapUV: 0
      m_Fill: 1
      m_Scale: {x: 1, y: 1}
      m_Offset: {x: 0, y: 0}
      m_Rotation: 0
      m_Anchor: 9
    m_Material: {fileID: 0}
    m_SubmeshIndex: 0
    m_ManualUV: 0
    elementGroup: -1
    m_TextureGroup: -1
  - m_Indexes: 0e0100000d0100000c0100000e0100000f0100000d010000
    m_SmoothingGroup: -1
    m_Uv:
      m_UseWorldSpace: 0
      m_FlipU: 0
      m_FlipV: 0
      m_SwapUV: 0
      m_Fill: 1
      m_Scale: {x: 1, y: 1}
      m_Offset: {x: 0, y: 0}
      m_Rotation: 0
      m_Anchor: 9
    m_Material: {fileID: 0}
    m_SubmeshIndex: 0
    m_ManualUV: 0
    elementGroup: -1
    m_TextureGroup: -1
  - m_Indexes: 120100001101000010010000120100001301000011010000
    m_SmoothingGroup: -1
    m_Uv:
      m_UseWorldSpace: 0
      m_FlipU: 0
      m_FlipV: 0
      m_SwapUV: 0
      m_Fill: 1
      m_Scale: {x: 1, y: 1}
      m_Offset: {x: 0, y: 0}
      m_Rotation: 0
      m_Anchor: 9
    m_Material: {fileID: 0}
    m_SubmeshIndex: 0
    m_ManualUV: 0
    elementGroup: -1
    m_TextureGroup: -1
  - m_Indexes: 160100001501000014010000160100001701000015010000
    m_SmoothingGroup: -1
    m_Uv:
      m_UseWorldSpace: 0
      m_FlipU: 0
      m_FlipV: 0
      m_SwapUV: 0
      m_Fill: 1
      m_Scale: {x: 1, y: 1}
      m_Offset: {x: 0, y: 0}
      m_Rotation: 0
      m_Anchor: 9
    m_Material: {fileID: 0}
    m_SubmeshIndex: 0
    m_ManualUV: 0
    elementGroup: -1
    m_TextureGroup: -1
  - m_Indexes: 1a01000019010000180100001a0100001b01000019010000
    m_SmoothingGroup: -1
    m_Uv:
      m_UseWorldSpace: 0
      m_FlipU: 0
      m_FlipV: 0
      m_SwapUV: 0
      m_Fill: 1
      m_Scale: {x: 1, y: 1}
      m_Offset: {x: 0, y: 0}
      m_Rotation: 0
      m_Anchor: 9
    m_Material: {fileID: 0}
    m_SubmeshIndex: 0
    m_ManualUV: 0
    elementGroup: -1
    m_TextureGroup: -1
  - m_Indexes: 1e0100001d0100001c0100001e0100001f0100001d010000
    m_SmoothingGroup: -1
    m_Uv:
      m_UseWorldSpace: 0
      m_FlipU: 0
      m_FlipV: 0
      m_SwapUV: 0
      m_Fill: 1
      m_Scale: {x: 1, y: 1}
      m_Offset: {x: 0, y: 0}
      m_Rotation: 0
      m_Anchor: 9
    m_Material: {fileID: 0}
    m_SubmeshIndex: 0
    m_ManualUV: 0
    elementGroup: -1
    m_TextureGroup: -1
  m_SharedVertices:
  - m_Vertices: 000000003e000000100100001d010000
  - m_Vertices: 010000003f000000d1000000d8000000
  - m_Vertices: 0200000004000000190100001c010000
  - m_Vertices: 0300000005000000d4000000d9000000
  - m_Vertices: 06000000080000001501000018010000
  - m_Vertices: 0700000009000000a0000000d5000000
  - m_Vertices: 0a0000000c000000e100000014010000
  - m_Vertices: 0b0000000d000000a1000000a4000000
  - m_Vertices: 0e00000010000000e0000000e5000000
  - m_Vertices: 0f00000011000000a5000000a8000000
  - m_Vertices: 1200000014000000e4000000e9000000
  - m_Vertices: 1300000015000000a9000000ac000000
  - m_Vertices: 1600000018000000e8000000ed000000
  - m_Vertices: 1700000019000000ad000000b0000000
  - m_Vertices: 1a0000001c000000ec000000f1000000
  - m_Vertices: 1b0000001d000000b1000000b4000000
  - m_Vertices: 1e00000020000000f0000000f5000000
  - m_Vertices: 1f00000021000000b5000000b8000000
  - m_Vertices: 2200000024000000f4000000f9000000
  - m_Vertices: 2300000025000000b9000000bc000000
  - m_Vertices: 2600000028000000f8000000fd000000
  - m_Vertices: 2700000029000000bd000000c0000000
  - m_Vertices: 2a0000002c000000fc00000001010000
  - m_Vertices: 2b0000002d000000c1000000c4000000
  - m_Vertices: 2e000000300000000001000009010000
  - m_Vertices: 2f00000031000000c5000000dc000000
  - m_Vertices: 32000000340000000501000008010000
  - m_Vertices: 3300000035000000c8000000dd000000
  - m_Vertices: 3600000038000000040100000d010000
  - m_Vertices: 3700000039000000c9000000cc000000
  - m_Vertices: 3a0000003c0000000c01000011010000
  - m_Vertices: 3b0000003d000000cd000000d0000000
  - m_Vertices: 400000009c000000120100001f010000
  - m_Vertices: 41000000470000004d00000053000000590000005f000000650000006b00000071000000770000007d00000083000000890000008f000000950000009b000000
  - m_Vertices: 42000000460000001b0100001e010000
  - m_Vertices: 430000009f000000d3000000da000000
  - m_Vertices: 440000004a00000050000000560000005c00000062000000680000006e000000740000007a00000080000000860000008c00000092000000980000009e000000
  - m_Vertices: 4500000049000000d6000000db000000
  - m_Vertices: 480000004c000000170100001a010000
  - m_Vertices: 4b0000004f000000a2000000d7000000
  - m_Vertices: 4e00000052000000e300000016010000
  - m_Vertices: 5100000055000000a3000000a6000000
  - m_Vertices: 5400000058000000e2000000e7000000
  - m_Vertices: 570000005b000000a7000000aa000000
  - m_Vertices: 5a0000005e000000e6000000eb000000
  - m_Vertices: 5d00000061000000ab000000ae000000
  - m_Vertices: 6000000064000000ea000000ef000000
  - m_Vertices: 6300000067000000af000000b2000000
  - m_Vertices: 660000006a000000ee000000f3000000
  - m_Vertices: 690000006d000000b3000000b6000000
  - m_Vertices: 6c00000070000000f2000000f7000000
  - m_Vertices: 6f00000073000000b7000000ba000000
  - m_Vertices: 7200000076000000f6000000fb000000
  - m_Vertices: 7500000079000000bb000000be000000
  - m_Vertices: 780000007c000000fa000000ff000000
  - m_Vertices: 7b0000007f000000bf000000c2000000
  - m_Vertices: 7e00000082000000fe00000003010000
  - m_Vertices: 8100000085000000c3000000c6000000
  - m_Vertices: 8400000088000000020100000b010000
  - m_Vertices: 870000008b000000c7000000de000000
  - m_Vertices: 8a0000008e000000070100000a010000
  - m_Vertices: 8d00000091000000ca000000df000000
  - m_Vertices: 9000000094000000060100000f010000
  - m_Vertices: 9300000097000000cb000000ce000000
  - m_Vertices: 960000009a0000000e01000013010000
  - m_Vertices: 990000009d000000cf000000d2000000
  m_SharedTextures: []
  m_Positions:
  - {x: 0.24999994, y: -0.029999979, z: 0}
  - {x: 0.24999994, y: 0.030000024, z: 0}
  - {x: 0.23096982, y: -0.029999979, z: 0.09567088}
  - {x: 0.23096982, y: 0.030000024, z: 0.09567088}
  - {x: 0.23096982, y: -0.029999979, z: 0.09567088}
  - {x: 0.23096982, y: 0.030000024, z: 0.09567088}
  - {x: 0.17677663, y: -0.029999979, z: 0.1767767}
  - {x: 0.17677663, y: 0.030000024, z: 0.1767767}
  - {x: 0.17677663, y: -0.029999979, z: 0.1767767}
  - {x: 0.17677663, y: 0.030000024, z: 0.1767767}
  - {x: 0.0956708, y: -0.029999979, z: 0.23096988}
  - {x: 0.0956708, y: 0.030000024, z: 0.23096988}
  - {x: 0.0956708, y: -0.029999979, z: 0.23096988}
  - {x: 0.0956708, y: 0.030000024, z: 0.23096988}
  - {x: -0.000000074505806, y: -0.029999979, z: 0.25}
  - {x: -0.000000074505806, y: 0.030000024, z: 0.25}
  - {x: -0.000000074505806, y: -0.029999979, z: 0.25}
  - {x: -0.000000074505806, y: 0.030000024, z: 0.25}
  - {x: -0.09567091, y: -0.029999979, z: 0.2309699}
  - {x: -0.09567091, y: 0.030000024, z: 0.2309699}
  - {x: -0.09567091, y: -0.029999979, z: 0.2309699}
  - {x: -0.09567091, y: 0.030000024, z: 0.2309699}
  - {x: -0.17677677, y: -0.029999979, z: 0.1767767}
  - {x: -0.17677677, y: 0.030000024, z: 0.1767767}
  - {x: -0.17677677, y: -0.029999979, z: 0.1767767}
  - {x: -0.17677677, y: 0.030000024, z: 0.1767767}
  - {x: -0.23096994, y: -0.029999979, z: 0.09567088}
  - {x: -0.23096994, y: 0.030000024, z: 0.09567088}
  - {x: -0.23096994, y: -0.029999979, z: 0.09567088}
  - {x: -0.23096994, y: 0.030000024, z: 0.09567088}
  - {x: -0.25000006, y: -0.029999979, z: -0.000000014901161}
  - {x: -0.25000006, y: 0.030000024, z: -0.000000014901161}
  - {x: -0.25000006, y: -0.029999979, z: -0.000000014901161}
  - {x: -0.25000006, y: 0.030000024, z: -0.000000014901161}
  - {x: -0.23096994, y: -0.029999979, z: -0.09567086}
  - {x: -0.23096994, y: 0.030000024, z: -0.09567086}
  - {x: -0.23096994, y: -0.029999979, z: -0.09567086}
  - {x: -0.23096994, y: 0.030000024, z: -0.09567086}
  - {x: -0.17677677, y: -0.029999979, z: -0.17677668}
  - {x: -0.17677677, y: 0.030000024, z: -0.17677668}
  - {x: -0.17677677, y: -0.029999979, z: -0.17677668}
  - {x: -0.17677677, y: 0.030000024, z: -0.17677668}
  - {x: -0.09567094, y: -0.029999979, z: -0.23096988}
  - {x: -0.09567094, y: 0.030000024, z: -0.23096988}
  - {x: -0.09567094, y: -0.029999979, z: -0.23096988}
  - {x: -0.09567094, y: 0.030000024, z: -0.23096988}
  - {x: -0.000000059604645, y: -0.029999979, z: -0.25}
  - {x: -0.000000059604645, y: 0.030000024, z: -0.25}
  - {x: -0.000000059604645, y: -0.029999979, z: -0.25}
  - {x: -0.000000059604645, y: 0.030000024, z: -0.25}
  - {x: 0.09567084, y: -0.029999979, z: -0.23096986}
  - {x: 0.09567084, y: 0.030000024, z: -0.23096986}
  - {x: 0.09567084, y: -0.029999979, z: -0.23096986}
  - {x: 0.09567084, y: 0.030000024, z: -0.23096986}
  - {x: 0.1767766, y: -0.029999979, z: -0.17677672}
  - {x: 0.1767766, y: 0.030000024, z: -0.17677672}
  - {x: 0.1767766, y: -0.029999979, z: -0.17677672}
  - {x: 0.1767766, y: 0.030000024, z: -0.17677672}
  - {x: 0.23096983, y: -0.029999979, z: -0.09567086}
  - {x: 0.23096983, y: 0.030000024, z: -0.09567086}
  - {x: 0.23096983, y: -0.029999979, z: -0.09567086}
  - {x: 0.23096983, y: 0.030000024, z: -0.09567086}
  - {x: 0.24999994, y: -0.029999979, z: 0}
  - {x: 0.24999994, y: 0.030000024, z: 0}
  - {x: 0.22999994, y: -0.04999998, z: 0}
  - {x: -0.000000059604645, y: -0.04999998, z: 0}
  - {x: 0.21249223, y: -0.04999998, z: 0.088017195}
  - {x: 0.22999994, y: 0.05000002, z: 0}
  - {x: -0.000000059604645, y: 0.05000002, z: 0}
  - {x: 0.21249223, y: 0.05000002, z: 0.088017195}
  - {x: 0.21249223, y: -0.04999998, z: 0.088017195}
  - {x: -0.000000059604645, y: -0.04999998, z: 0}
  - {x: 0.16263449, y: -0.04999998, z: 0.16263458}
  - {x: 0.21249223, y: 0.05000002, z: 0.088017195}
  - {x: -0.000000059604645, y: 0.05000002, z: 0}
  - {x: 0.16263449, y: 0.05000002, z: 0.16263458}
  - {x: 0.16263449, y: -0.04999998, z: 0.16263458}
  - {x: -0.000000059604645, y: -0.04999998, z: 0}
  - {x: 0.08801713, y: -0.04999998, z: 0.21249229}
  - {x: 0.16263449, y: 0.05000002, z: 0.16263458}
  - {x: -0.000000059604645, y: 0.05000002, z: 0}
  - {x: 0.08801713, y: 0.05000002, z: 0.21249229}
  - {x: 0.08801713, y: -0.04999998, z: 0.21249229}
  - {x: -0.000000059604645, y: -0.04999998, z: 0}
  - {x: -0.000000074505806, y: -0.04999998, z: 0.22999999}
  - {x: 0.08801713, y: 0.05000002, z: 0.21249229}
  - {x: -0.000000059604645, y: 0.05000002, z: 0}
  - {x: -0.000000074505806, y: 0.05000002, z: 0.22999999}
  - {x: -0.000000074505806, y: -0.04999998, z: 0.22999999}
  - {x: -0.000000059604645, y: -0.04999998, z: 0}
  - {x: -0.088017255, y: -0.04999998, z: 0.21249232}
  - {x: -0.000000074505806, y: 0.05000002, z: 0.22999999}
  - {x: -0.000000059604645, y: 0.05000002, z: 0}
  - {x: -0.088017255, y: 0.05000002, z: 0.21249232}
  - {x: -0.088017255, y: -0.04999998, z: 0.21249232}
  - {x: -0.000000059604645, y: -0.04999998, z: 0}
  - {x: -0.16263464, y: -0.04999998, z: 0.16263458}
  - {x: -0.088017255, y: 0.05000002, z: 0.21249232}
  - {x: -0.000000059604645, y: 0.05000002, z: 0}
  - {x: -0.16263464, y: 0.05000002, z: 0.16263458}
  - {x: -0.16263464, y: -0.04999998, z: 0.16263458}
  - {x: -0.000000059604645, y: -0.04999998, z: 0}
  - {x: -0.21249235, y: -0.04999998, z: 0.088017195}
  - {x: -0.16263464, y: 0.05000002, z: 0.16263458}
  - {x: -0.000000059604645, y: 0.05000002, z: 0}
  - {x: -0.21249235, y: 0.05000002, z: 0.088017195}
  - {x: -0.21249235, y: -0.04999998, z: 0.088017195}
  - {x: -0.000000059604645, y: -0.04999998, z: 0}
  - {x: -0.23000005, y: -0.04999998, z: -0.000000014901161}
  - {x: -0.21249235, y: 0.05000002, z: 0.088017195}
  - {x: -0.000000059604645, y: 0.05000002, z: 0}
  - {x: -0.23000005, y: 0.05000002, z: -0.000000014901161}
  - {x: -0.23000005, y: -0.04999998, z: -0.000000014901161}
  - {x: -0.000000059604645, y: -0.04999998, z: 0}
  - {x: -0.21249235, y: -0.04999998, z: -0.08801719}
  - {x: -0.23000005, y: 0.05000002, z: -0.000000014901161}
  - {x: -0.000000059604645, y: 0.05000002, z: 0}
  - {x: -0.21249235, y: 0.05000002, z: -0.08801719}
  - {x: -0.21249235, y: -0.04999998, z: -0.08801719}
  - {x: -0.000000059604645, y: -0.04999998, z: 0}
  - {x: -0.16263464, y: -0.04999998, z: -0.16263455}
  - {x: -0.21249235, y: 0.05000002, z: -0.08801719}
  - {x: -0.000000059604645, y: 0.05000002, z: 0}
  - {x: -0.16263464, y: 0.05000002, z: -0.16263455}
  - {x: -0.16263464, y: -0.04999998, z: -0.16263455}
  - {x: -0.000000059604645, y: -0.04999998, z: 0}
  - {x: -0.088017255, y: -0.04999998, z: -0.21249229}
  - {x: -0.16263464, y: 0.05000002, z: -0.16263455}
  - {x: -0.000000059604645, y: 0.05000002, z: 0}
  - {x: -0.088017255, y: 0.05000002, z: -0.21249229}
  - {x: -0.088017255, y: -0.04999998, z: -0.21249229}
  - {x: -0.000000059604645, y: -0.04999998, z: 0}
  - {x: -0.000000059604645, y: -0.04999998, z: -0.23}
  - {x: -0.088017255, y: 0.05000002, z: -0.21249229}
  - {x: -0.000000059604645, y: 0.05000002, z: 0}
  - {x: -0.000000059604645, y: 0.05000002, z: -0.23}
  - {x: -0.000000059604645, y: -0.04999998, z: -0.23}
  - {x: -0.000000059604645, y: -0.04999998, z: 0}
  - {x: 0.08801717, y: -0.04999998, z: -0.21249227}
  - {x: -0.000000059604645, y: 0.05000002, z: -0.23}
  - {x: -0.000000059604645, y: 0.05000002, z: 0}
  - {x: 0.08801717, y: 0.05000002, z: -0.21249227}
  - {x: 0.08801717, y: -0.04999998, z: -0.21249227}
  - {x: -0.000000059604645, y: -0.04999998, z: 0}
  - {x: 0.16263446, y: -0.04999998, z: -0.16263458}
  - {x: 0.08801717, y: 0.05000002, z: -0.21249227}
  - {x: -0.000000059604645, y: 0.05000002, z: 0}
  - {x: 0.16263446, y: 0.05000002, z: -0.16263458}
  - {x: 0.16263446, y: -0.04999998, z: -0.16263458}
  - {x: -0.000000059604645, y: -0.04999998, z: 0}
  - {x: 0.21249224, y: -0.04999998, z: -0.08801719}
  - {x: 0.16263446, y: 0.05000002, z: -0.16263458}
  - {x: -0.000000059604645, y: 0.05000002, z: 0}
  - {x: 0.21249224, y: 0.05000002, z: -0.08801719}
  - {x: 0.21249224, y: -0.04999998, z: -0.08801719}
  - {x: -0.000000059604645, y: -0.04999998, z: 0}
  - {x: 0.22999994, y: -0.04999998, z: 0}
  - {x: 0.21249224, y: 0.05000002, z: -0.08801719}
  - {x: -0.000000059604645, y: 0.05000002, z: 0}
  - {x: 0.22999994, y: 0.05000002, z: 0}
  - {x: 0.17677663, y: 0.030000024, z: 0.1767767}
  - {x: 0.0956708, y: 0.030000024, z: 0.23096988}
  - {x: 0.16263449, y: 0.05000002, z: 0.16263458}
  - {x: 0.08801713, y: 0.05000002, z: 0.21249229}
  - {x: 0.0956708, y: 0.030000024, z: 0.23096988}
  - {x: -0.000000074505806, y: 0.030000024, z: 0.25}
  - {x: 0.08801713, y: 0.05000002, z: 0.21249229}
  - {x: -0.000000074505806, y: 0.05000002, z: 0.22999999}
  - {x: -0.000000074505806, y: 0.030000024, z: 0.25}
  - {x: -0.09567091, y: 0.030000024, z: 0.2309699}
  - {x: -0.000000074505806, y: 0.05000002, z: 0.22999999}
  - {x: -0.088017255, y: 0.05000002, z: 0.21249232}
  - {x: -0.09567091, y: 0.030000024, z: 0.2309699}
  - {x: -0.17677677, y: 0.030000024, z: 0.1767767}
  - {x: -0.088017255, y: 0.05000002, z: 0.21249232}
  - {x: -0.16263464, y: 0.05000002, z: 0.16263458}
  - {x: -0.17677677, y: 0.030000024, z: 0.1767767}
  - {x: -0.23096994, y: 0.030000024, z: 0.09567088}
  - {x: -0.16263464, y: 0.05000002, z: 0.16263458}
  - {x: -0.21249235, y: 0.05000002, z: 0.088017195}
  - {x: -0.23096994, y: 0.030000024, z: 0.09567088}
  - {x: -0.25000006, y: 0.030000024, z: -0.000000014901161}
  - {x: -0.21249235, y: 0.05000002, z: 0.088017195}
  - {x: -0.23000005, y: 0.05000002, z: -0.000000014901161}
  - {x: -0.25000006, y: 0.030000024, z: -0.000000014901161}
  - {x: -0.23096994, y: 0.030000024, z: -0.09567086}
  - {x: -0.23000005, y: 0.05000002, z: -0.000000014901161}
  - {x: -0.21249235, y: 0.05000002, z: -0.08801719}
  - {x: -0.23096994, y: 0.030000024, z: -0.09567086}
  - {x: -0.17677677, y: 0.030000024, z: -0.17677668}
  - {x: -0.21249235, y: 0.05000002, z: -0.08801719}
  - {x: -0.16263464, y: 0.05000002, z: -0.16263455}
  - {x: -0.17677677, y: 0.030000024, z: -0.17677668}
  - {x: -0.09567094, y: 0.030000024, z: -0.23096988}
  - {x: -0.16263464, y: 0.05000002, z: -0.16263455}
  - {x: -0.088017255, y: 0.05000002, z: -0.21249229}
  - {x: -0.09567094, y: 0.030000024, z: -0.23096988}
  - {x: -0.000000059604645, y: 0.030000024, z: -0.25}
  - {x: -0.088017255, y: 0.05000002, z: -0.21249229}
  - {x: -0.000000059604645, y: 0.05000002, z: -0.23}
  - {x: 0.09567084, y: 0.030000024, z: -0.23096986}
  - {x: 0.1767766, y: 0.030000024, z: -0.17677672}
  - {x: 0.08801717, y: 0.05000002, z: -0.21249227}
  - {x: 0.16263446, y: 0.05000002, z: -0.16263458}
  - {x: 0.1767766, y: 0.030000024, z: -0.17677672}
  - {x: 0.23096983, y: 0.030000024, z: -0.09567086}
  - {x: 0.16263446, y: 0.05000002, z: -0.16263458}
  - {x: 0.21249224, y: 0.05000002, z: -0.08801719}
  - {x: 0.23096983, y: 0.030000024, z: -0.09567086}
  - {x: 0.24999994, y: 0.030000024, z: 0}
  - {x: 0.21249224, y: 0.05000002, z: -0.08801719}
  - {x: 0.22999994, y: 0.05000002, z: 0}
  - {x: 0.23096982, y: 0.030000024, z: 0.09567088}
  - {x: 0.17677663, y: 0.030000024, z: 0.1767767}
  - {x: 0.21249223, y: 0.05000002, z: 0.088017195}
  - {x: 0.16263449, y: 0.05000002, z: 0.16263458}
  - {x: 0.24999994, y: 0.030000024, z: 0}
  - {x: 0.23096982, y: 0.030000024, z: 0.09567088}
  - {x: 0.22999994, y: 0.05000002, z: 0}
  - {x: 0.21249223, y: 0.05000002, z: 0.088017195}
  - {x: -0.000000059604645, y: 0.030000024, z: -0.25}
  - {x: 0.09567084, y: 0.030000024, z: -0.23096986}
  - {x: -0.000000059604645, y: 0.05000002, z: -0.23}
  - {x: 0.08801717, y: 0.05000002, z: -0.21249227}
  - {x: -0.000000074505806, y: -0.029999979, z: 0.25}
  - {x: 0.0956708, y: -0.029999979, z: 0.23096988}
  - {x: -0.000000074505806, y: -0.04999998, z: 0.22999999}
  - {x: 0.08801713, y: -0.04999998, z: 0.21249229}
  - {x: -0.09567091, y: -0.029999979, z: 0.2309699}
  - {x: -0.000000074505806, y: -0.029999979, z: 0.25}
  - {x: -0.088017255, y: -0.04999998, z: 0.21249232}
  - {x: -0.000000074505806, y: -0.04999998, z: 0.22999999}
  - {x: -0.17677677, y: -0.029999979, z: 0.1767767}
  - {x: -0.09567091, y: -0.029999979, z: 0.2309699}
  - {x: -0.16263464, y: -0.04999998, z: 0.16263458}
  - {x: -0.088017255, y: -0.04999998, z: 0.21249232}
  - {x: -0.23096994, y: -0.029999979, z: 0.09567088}
  - {x: -0.17677677, y: -0.029999979, z: 0.1767767}
  - {x: -0.21249235, y: -0.04999998, z: 0.088017195}
  - {x: -0.16263464, y: -0.04999998, z: 0.16263458}
  - {x: -0.25000006, y: -0.029999979, z: -0.000000014901161}
  - {x: -0.23096994, y: -0.029999979, z: 0.09567088}
  - {x: -0.23000005, y: -0.04999998, z: -0.000000014901161}
  - {x: -0.21249235, y: -0.04999998, z: 0.088017195}
  - {x: -0.23096994, y: -0.029999979, z: -0.09567086}
  - {x: -0.25000006, y: -0.029999979, z: -0.000000014901161}
  - {x: -0.21249235, y: -0.04999998, z: -0.08801719}
  - {x: -0.23000005, y: -0.04999998, z: -0.000000014901161}
  - {x: -0.17677677, y: -0.029999979, z: -0.17677668}
  - {x: -0.23096994, y: -0.029999979, z: -0.09567086}
  - {x: -0.16263464, y: -0.04999998, z: -0.16263455}
  - {x: -0.21249235, y: -0.04999998, z: -0.08801719}
  - {x: -0.09567094, y: -0.029999979, z: -0.23096988}
  - {x: -0.17677677, y: -0.029999979, z: -0.17677668}
  - {x: -0.088017255, y: -0.04999998, z: -0.21249229}
  - {x: -0.16263464, y: -0.04999998, z: -0.16263455}
  - {x: -0.000000059604645, y: -0.029999979, z: -0.25}
  - {x: -0.09567094, y: -0.029999979, z: -0.23096988}
  - {x: -0.000000059604645, y: -0.04999998, z: -0.23}
  - {x: -0.088017255, y: -0.04999998, z: -0.21249229}
  - {x: 0.1767766, y: -0.029999979, z: -0.17677672}
  - {x: 0.09567084, y: -0.029999979, z: -0.23096986}
  - {x: 0.16263446, y: -0.04999998, z: -0.16263458}
  - {x: 0.08801717, y: -0.04999998, z: -0.21249227}
  - {x: 0.09567084, y: -0.029999979, z: -0.23096986}
  - {x: -0.000000059604645, y: -0.029999979, z: -0.25}
  - {x: 0.08801717, y: -0.04999998, z: -0.21249227}
  - {x: -0.000000059604645, y: -0.04999998, z: -0.23}
  - {x: 0.23096983, y: -0.029999979, z: -0.09567086}
  - {x: 0.1767766, y: -0.029999979, z: -0.17677672}
  - {x: 0.21249224, y: -0.04999998, z: -0.08801719}
  - {x: 0.16263446, y: -0.04999998, z: -0.16263458}
  - {x: 0.24999994, y: -0.029999979, z: 0}
  - {x: 0.23096983, y: -0.029999979, z: -0.09567086}
  - {x: 0.22999994, y: -0.04999998, z: 0}
  - {x: 0.21249224, y: -0.04999998, z: -0.08801719}
  - {x: 0.0956708, y: -0.029999979, z: 0.23096988}
  - {x: 0.17677663, y: -0.029999979, z: 0.1767767}
  - {x: 0.08801713, y: -0.04999998, z: 0.21249229}
  - {x: 0.16263449, y: -0.04999998, z: 0.16263458}
  - {x: 0.17677663, y: -0.029999979, z: 0.1767767}
  - {x: 0.23096982, y: -0.029999979, z: 0.09567088}
  - {x: 0.16263449, y: -0.04999998, z: 0.16263458}
  - {x: 0.21249223, y: -0.04999998, z: 0.088017195}
  - {x: 0.23096982, y: -0.029999979, z: 0.09567088}
  - {x: 0.24999994, y: -0.029999979, z: 0}
  - {x: 0.21249223, y: -0.04999998, z: 0.088017195}
  - {x: 0.22999994, y: -0.04999998, z: 0}
  m_Textures0:
  - {x: 0.18432194, y: 0.06617077}
  - {x: 0.18432194, y: 0.12617077}
  - {x: 0.28186712, y: 0.06617077}
  - {x: 0.28186712, y: 0.12617077}
  - {x: 0.22192107, y: 0.06617077}
  - {x: 0.22192107, y: 0.12617077}
  - {x: 0.3194662, y: 0.06617077}
  - {x: 0.3194662, y: 0.12617077}
  - {x: 0.21830949, y: 0.06617077}
  - {x: 0.21830949, y: 0.12617077}
  - {x: 0.31585467, y: 0.06617077}
  - {x: 0.31585467, y: 0.12617077}
  - {x: 0.17403716, y: 0.06617077}
  - {x: 0.17403716, y: 0.12617077}
  - {x: 0.27158234, y: 0.06617077}
  - {x: 0.27158234, y: 0.12617077}
  - {x: 0.09584412, y: 0.06617077}
  - {x: 0.09584412, y: 0.12617077}
  - {x: 0.19338927, y: 0.06617077}
  - {x: 0.19338927, y: 0.12617077}
  - {x: -0.0043656826, y: 0.06617077}
  - {x: -0.0043656826, y: 0.12617077}
  - {x: 0.093179494, y: 0.06617077}
  - {x: 0.093179494, y: 0.12617077}
  - {x: -0.11133596, y: 0.06617077}
  - {x: -0.11133596, y: 0.12617077}
  - {x: -0.013790816, y: 0.06617077}
  - {x: -0.013790816, y: 0.12617077}
  - {x: -0.20878148, y: 0.06617077}
  - {x: -0.20878148, y: 0.12617077}
  - {x: -0.11123629, y: 0.06617077}
  - {x: -0.11123629, y: 0.12617077}
  - {x: -0.28186715, y: 0.06617077}
  - {x: -0.28186715, y: 0.12617077}
  - {x: -0.18432198, y: 0.06617077}
  - {x: -0.18432198, y: 0.12617077}
  - {x: -0.3194662, y: 0.06617077}
  - {x: -0.3194662, y: 0.12617077}
  - {x: -0.22192106, y: 0.06617077}
  - {x: -0.22192106, y: 0.12617077}
  - {x: -0.31585467, y: 0.06617077}
  - {x: -0.31585467, y: 0.12617077}
  - {x: -0.2183095, y: 0.06617077}
  - {x: -0.2183095, y: 0.12617077}
  - {x: -0.27158234, y: 0.06617077}
  - {x: -0.27158234, y: 0.12617077}
  - {x: -0.17403713, y: 0.06617077}
  - {x: -0.17403713, y: 0.12617077}
  - {x: -0.19338918, y: 0.06617077}
  - {x: -0.19338918, y: 0.12617077}
  - {x: -0.095843956, y: 0.06617077}
  - {x: -0.095843956, y: 0.12617077}
  - {x: -0.09317943, y: 0.06617077}
  - {x: -0.09317943, y: 0.12617077}
  - {x: 0.0043656453, y: 0.06617077}
  - {x: 0.0043656453, y: 0.12617077}
  - {x: 0.013790721, y: 0.06617077}
  - {x: 0.013790721, y: 0.12617077}
  - {x: 0.11133593, y: 0.06617077}
  - {x: 0.11133593, y: 0.12617077}
  - {x: 0.11123631, y: 0.06617077}
  - {x: 0.11123631, y: 0.12617077}
  - {x: 0.20878148, y: 0.06617077}
  - {x: 0.20878148, y: 0.12617077}
  - {x: -0.042687695, y: 0.20040238}
  - {x: 0.1873123, y: 0.20040238}
  - {x: -0.025179982, y: 0.28841957}
  - {x: 0.042687695, y: 0.20040238}
  - {x: -0.1873123, y: 0.20040238}
  - {x: 0.025179982, y: 0.28841957}
  - {x: -0.025179982, y: 0.28841957}
  - {x: 0.1873123, y: 0.20040238}
  - {x: 0.024677748, y: 0.36303696}
  - {x: 0.025179982, y: 0.28841957}
  - {x: -0.1873123, y: 0.20040238}
  - {x: -0.024677748, y: 0.36303696}
  - {x: 0.024677748, y: 0.36303696}
  - {x: 0.1873123, y: 0.20040238}
  - {x: 0.09929512, y: 0.41289467}
  - {x: -0.024677748, y: 0.36303696}
  - {x: -0.1873123, y: 0.20040238}
  - {x: -0.09929512, y: 0.41289467}
  - {x: 0.09929512, y: 0.41289467}
  - {x: 0.1873123, y: 0.20040238}
  - {x: 0.18731232, y: 0.43040237}
  - {x: -0.09929512, y: 0.41289467}
  - {x: -0.1873123, y: 0.20040238}
  - {x: -0.18731232, y: 0.43040237}
  - {x: 0.18731232, y: 0.43040237}
  - {x: 0.1873123, y: 0.20040238}
  - {x: 0.2753295, y: 0.4128947}
  - {x: -0.18731232, y: 0.43040237}
  - {x: -0.1873123, y: 0.20040238}
  - {x: -0.2753295, y: 0.4128947}
  - {x: 0.2753295, y: 0.4128947}
  - {x: 0.1873123, y: 0.20040238}
  - {x: 0.3499469, y: 0.36303696}
  - {x: -0.2753295, y: 0.4128947}
  - {x: -0.1873123, y: 0.20040238}
  - {x: -0.3499469, y: 0.36303696}
  - {x: 0.3499469, y: 0.36303696}
  - {x: 0.1873123, y: 0.20040238}
  - {x: 0.3998046, y: 0.28841957}
  - {x: -0.3499469, y: 0.36303696}
  - {x: -0.1873123, y: 0.20040238}
  - {x: -0.3998046, y: 0.28841957}
  - {x: 0.3998046, y: 0.28841957}
  - {x: 0.1873123, y: 0.20040238}
  - {x: 0.4173123, y: 0.20040236}
  - {x: -0.3998046, y: 0.28841957}
  - {x: -0.1873123, y: 0.20040238}
  - {x: -0.4173123, y: 0.20040236}
  - {x: 0.4173123, y: 0.20040236}
  - {x: 0.1873123, y: 0.20040238}
  - {x: 0.3998046, y: 0.11238519}
  - {x: -0.4173123, y: 0.20040236}
  - {x: -0.1873123, y: 0.20040238}
  - {x: -0.3998046, y: 0.11238519}
  - {x: 0.3998046, y: 0.11238519}
  - {x: 0.1873123, y: 0.20040238}
  - {x: 0.3499469, y: 0.037767835}
  - {x: -0.3998046, y: 0.11238519}
  - {x: -0.1873123, y: 0.20040238}
  - {x: -0.3499469, y: 0.037767835}
  - {x: 0.3499469, y: 0.037767835}
  - {x: 0.1873123, y: 0.20040238}
  - {x: 0.2753295, y: -0.012089908}
  - {x: -0.3499469, y: 0.037767835}
  - {x: -0.1873123, y: 0.20040238}
  - {x: -0.2753295, y: -0.012089908}
  - {x: 0.2753295, y: -0.012089908}
  - {x: 0.1873123, y: 0.20040238}
  - {x: 0.1873123, y: -0.029597621}
  - {x: -0.2753295, y: -0.012089908}
  - {x: -0.1873123, y: 0.20040238}
  - {x: -0.1873123, y: -0.029597621}
  - {x: 0.1873123, y: -0.029597621}
  - {x: 0.1873123, y: 0.20040238}
  - {x: 0.09929507, y: -0.012089893}
  - {x: -0.1873123, y: -0.029597621}
  - {x: -0.1873123, y: 0.20040238}
  - {x: -0.09929507, y: -0.012089893}
  - {x: 0.09929507, y: -0.012089893}
  - {x: 0.1873123, y: 0.20040238}
  - {x: 0.024677776, y: 0.037767794}
  - {x: -0.09929507, y: -0.012089893}
  - {x: -0.1873123, y: 0.20040238}
  - {x: -0.024677776, y: 0.037767794}
  - {x: 0.024677776, y: 0.037767794}
  - {x: 0.1873123, y: 0.20040238}
  - {x: -0.025179995, y: 0.11238519}
  - {x: -0.024677776, y: 0.037767794}
  - {x: -0.1873123, y: 0.20040238}
  - {x: 0.025179995, y: 0.11238519}
  - {x: -0.025179995, y: 0.11238519}
  - {x: 0.1873123, y: 0.20040238}
  - {x: -0.042687695, y: 0.20040238}
  - {x: 0.025179995, y: 0.11238519}
  - {x: -0.1873123, y: 0.20040238}
  - {x: 0.042687695, y: 0.20040238}
  - {x: 0.1390274, y: 0.07504546}
  - {x: 0.06845711, y: 0.14238703}
  - {x: 0.11686486, y: 0.057472154}
  - {x: 0.051940184, y: 0.1194264}
  - {x: -0.048772518, y: -0.15027204}
  - {x: 0.048772667, y: -0.15027203}
  - {x: -0.04487071, y: -0.12225818}
  - {x: 0.044870857, y: -0.12225817}
  - {x: -0.04877246, y: -0.1502721}
  - {x: 0.048772667, y: -0.15027212}
  - {x: -0.044870656, y: -0.122258246}
  - {x: 0.04487087, y: -0.12225826}
  - {x: -0.06845718, y: 0.142387}
  - {x: -0.13902749, y: 0.07504537}
  - {x: -0.051940273, y: 0.11942634}
  - {x: -0.11686495, y: 0.057472065}
  - {x: -0.115442455, y: 0.10785864}
  - {x: -0.15678003, y: 0.019505598}
  - {x: -0.09172198, y: 0.092452854}
  - {x: -0.12975255, y: 0.011168018}
  - {x: -0.14210722, y: 0.06903628}
  - {x: -0.15556355, y: -0.02757631}
  - {x: -0.11489946, y: 0.06130726}
  - {x: -0.12727928, y: -0.027576309}
  - {x: -0.15556358, y: 0.027576286}
  - {x: -0.14210725, y: -0.06903626}
  - {x: -0.1272793, y: 0.027576286}
  - {x: -0.11489949, y: -0.061307244}
  - {x: -0.1567801, y: -0.01950562}
  - {x: -0.11544249, y: -0.10785866}
  - {x: -0.1297526, y: -0.011168055}
  - {x: -0.09172203, y: -0.09245285}
  - {x: -0.13902749, y: -0.07504536}
  - {x: -0.0684572, y: -0.14238697}
  - {x: -0.11686495, y: -0.05747205}
  - {x: -0.051940266, y: -0.119426355}
  - {x: -0.04877266, y: -0.15027206}
  - {x: 0.048772525, y: -0.15027207}
  - {x: -0.044870842, y: -0.122258216}
  - {x: 0.04487072, y: -0.122258216}
  - {x: 0.06845714, y: -0.14238702}
  - {x: 0.13902737, y: -0.075045496}
  - {x: 0.051940218, y: -0.119426385}
  - {x: 0.11686483, y: -0.057472177}
  - {x: 0.115442395, y: -0.10785873}
  - {x: 0.15678003, y: -0.019505657}
  - {x: 0.09172192, y: -0.09245293}
  - {x: 0.12975255, y: -0.011168085}
  - {x: 0.14210711, y: -0.069036275}
  - {x: 0.15556343, y: 0.027576277}
  - {x: 0.11489935, y: -0.061307266}
  - {x: 0.12727918, y: 0.027576277}
  - {x: 0.15678003, y: 0.019505695}
  - {x: 0.115442425, y: 0.10785873}
  - {x: 0.12975255, y: 0.011168107}
  - {x: 0.09172195, y: 0.09245293}
  - {x: 0.15556343, y: -0.027576296}
  - {x: 0.1421071, y: 0.06903628}
  - {x: 0.12727916, y: -0.027576294}
  - {x: 0.114899345, y: 0.06130726}
  - {x: -0.048772674, y: -0.150272}
  - {x: 0.04877253, y: -0.150272}
  - {x: -0.044870865, y: -0.12225816}
  - {x: 0.04487073, y: -0.12225816}
  - {x: 0.04877267, y: 0.1502721}
  - {x: -0.048772514, y: 0.15027209}
  - {x: 0.04487086, y: 0.122258246}
  - {x: -0.044870704, y: 0.12225825}
  - {x: 0.048772674, y: 0.15027204}
  - {x: -0.04877246, y: 0.15027204}
  - {x: 0.044870876, y: 0.1222582}
  - {x: -0.044870656, y: 0.122258194}
  - {x: 0.1390275, y: 0.07504537}
  - {x: 0.06845719, y: 0.142387}
  - {x: 0.116864964, y: 0.057472065}
  - {x: 0.05194029, y: 0.119426355}
  - {x: 0.15678012, y: 0.019505672}
  - {x: 0.11544252, y: 0.1078587}
  - {x: 0.12975264, y: 0.011168085}
  - {x: 0.091722056, y: 0.0924529}
  - {x: 0.1555636, y: -0.027576298}
  - {x: 0.14210728, y: 0.0690363}
  - {x: 0.12727931, y: -0.0275763}
  - {x: 0.1148995, y: 0.061307266}
  - {x: 0.1421072, y: -0.06903624}
  - {x: 0.15556353, y: 0.0275763}
  - {x: 0.11489945, y: -0.061307233}
  - {x: 0.12727925, y: 0.027576298}
  - {x: 0.11544247, y: -0.10785862}
  - {x: 0.15678003, y: -0.019505583}
  - {x: 0.09172198, y: -0.09245283}
  - {x: 0.12975255, y: -0.011168018}
  - {x: 0.068457246, y: -0.14238706}
  - {x: 0.13902754, y: -0.07504547}
  - {x: 0.05194031, y: -0.11942642}
  - {x: 0.116864994, y: -0.05747214}
  - {x: 0.04877253, y: 0.15027204}
  - {x: -0.048772655, y: 0.15027206}
  - {x: 0.044870723, y: 0.1222582}
  - {x: -0.04487084, y: 0.12225819}
  - {x: -0.13902742, y: -0.07504555}
  - {x: -0.06845717, y: -0.14238708}
  - {x: -0.11686485, y: -0.05747223}
  - {x: -0.051940247, y: -0.11942643}
  - {x: 0.04877253, y: 0.15027204}
  - {x: -0.048772674, y: 0.15027203}
  - {x: 0.04487073, y: 0.12225819}
  - {x: -0.044870865, y: 0.12225819}
  - {x: -0.15678, y: -0.019505605}
  - {x: -0.11544239, y: -0.107858695}
  - {x: -0.12975253, y: -0.011168048}
  - {x: -0.09172191, y: -0.09245288}
  - {x: -0.15556344, y: 0.027576279}
  - {x: -0.14210713, y: -0.069036275}
  - {x: -0.12727918, y: 0.027576279}
  - {x: -0.11489937, y: -0.061307266}
  - {x: -0.06845713, y: 0.14238705}
  - {x: -0.13902743, y: 0.075045474}
  - {x: -0.0519402, y: 0.119426414}
  - {x: -0.116864875, y: 0.05747217}
  - {x: -0.11544242, y: 0.1078587}
  - {x: -0.15678, y: 0.019505665}
  - {x: -0.09172192, y: 0.09245292}
  - {x: -0.12975252, y: 0.011168085}
  - {x: -0.14210713, y: 0.06903629}
  - {x: -0.15556346, y: -0.02757629}
  - {x: -0.11489938, y: 0.061307266}
  - {x: -0.1272792, y: -0.027576288}
  m_Textures2: []
  m_Textures3: []
  m_Tangents:
  - {x: -0.000000060772365, y: 0, z: 1, w: -1}
  - {x: -0.000000060772365, y: 0, z: 1, w: -1}
  - {x: -0.38268346, y: 0, z: 0.9238795, w: -1}
  - {x: -0.38268346, y: 0, z: 0.9238795, w: -1}
  - {x: -0.38268346, y: 0, z: 0.9238795, w: -1}
  - {x: -0.38268346, y: 0, z: 0.9238795, w: -1}
  - {x: -0.7071068, y: 0, z: 0.7071067, w: -1}
  - {x: -0.7071068, y: 0, z: 0.7071067, w: -1}
  - {x: -0.7071068, y: 0, z: 0.7071067, w: -1}
  - {x: -0.7071068, y: 0, z: 0.7071067, w: -1}
  - {x: -0.92387956, y: 0, z: 0.38268337, w: -1}
  - {x: -0.92387956, y: 0, z: 0.38268337, w: -1}
  - {x: -0.9238795, y: 0, z: 0.3826834, w: -1}
  - {x: -0.9238795, y: 0, z: 0.3826834, w: -1}
  - {x: -1, y: 0, z: 0.00000013673782, w: -1}
  - {x: -1, y: 0, z: 0.00000013673782, w: -1}
  - {x: -1, y: 0, z: 0.00000013673781, w: -1}
  - {x: -1, y: 0, z: 0.00000013673781, w: -1}
  - {x: -0.92387956, y: 0, z: -0.38268334, w: -1}
  - {x: -0.92387956, y: 0, z: -0.38268334, w: -1}
  - {x: -0.92387956, y: 0, z: -0.38268337, w: -1}
  - {x: -0.92387956, y: 0, z: -0.38268337, w: -1}
  - {x: -0.70710677, y: 0, z: -0.70710677, w: -1}
  - {x: -0.70710677, y: 0, z: -0.70710677, w: -1}
  - {x: -0.70710677, y: 0, z: -0.70710677, w: -1}
  - {x: -0.70710677, y: 0, z: -0.70710677, w: -1}
  - {x: -0.38268343, y: 0, z: -0.9238795, w: -1}
  - {x: -0.38268343, y: 0, z: -0.9238795, w: -1}
  - {x: -0.3826834, y: 0, z: -0.9238795, w: -1}
  - {x: -0.3826834, y: 0, z: -0.9238795, w: -1}
  - {x: 0.000000045579274, y: 0, z: -1, w: -1}
  - {x: 0.000000045579274, y: 0, z: -1, w: -1}
  - {x: 0.000000045579274, y: 0, z: -1, w: -1}
  - {x: 0.000000045579274, y: 0, z: -1, w: -1}
  - {x: 0.38268346, y: 0, z: -0.9238795, w: -1}
  - {x: 0.38268346, y: 0, z: -0.9238795, w: -1}
  - {x: 0.3826835, y: 0, z: -0.9238795, w: -1}
  - {x: 0.3826835, y: 0, z: -0.9238795, w: -1}
  - {x: 0.7071067, y: 0, z: -0.7071069, w: -1}
  - {x: 0.7071067, y: 0, z: -0.7071069, w: -1}
  - {x: 0.7071067, y: 0, z: -0.7071069, w: -1}
  - {x: 0.7071067, y: 0, z: -0.7071069, w: -1}
  - {x: 0.9238795, y: 0, z: -0.3826835, w: -1}
  - {x: 0.9238795, y: 0, z: -0.3826835, w: -1}
  - {x: 0.9238795, y: 0, z: -0.38268352, w: -1}
  - {x: 0.9238795, y: 0, z: -0.38268352, w: -1}
  - {x: 1, y: 0, z: 0.000000045579274, w: -1}
  - {x: 1, y: 0, z: 0.000000045579274, w: -1}
  - {x: 1, y: 0, z: 0.000000045579274, w: -1}
  - {x: 1, y: 0, z: 0.000000045579274, w: -1}
  - {x: 0.9238795, y: 0, z: 0.38268355, w: -1}
  - {x: 0.9238795, y: 0, z: 0.38268355, w: -1}
  - {x: 0.9238795, y: 0, z: 0.38268355, w: -1}
  - {x: 0.9238795, y: 0, z: 0.38268355, w: -1}
  - {x: 0.70710677, y: 0, z: 0.70710677, w: -1}
  - {x: 0.70710677, y: 0, z: 0.70710677, w: -1}
  - {x: 0.7071068, y: 0, z: 0.70710677, w: -1}
  - {x: 0.7071068, y: 0, z: 0.70710677, w: -1}
  - {x: 0.38268343, y: 0, z: 0.9238795, w: -1}
  - {x: 0.38268343, y: 0, z: 0.9238795, w: -1}
  - {x: 0.38268343, y: 0, z: 0.9238795, w: -1}
  - {x: 0.38268343, y: 0, z: 0.9238795, w: -1}
  - {x: -0.000000060772365, y: 0, z: 1, w: -1}
  - {x: -0.000000060772365, y: 0, z: 1, w: -1}
  - {x: -1, y: 0, z: 0, w: -1}
  - {x: -1, y: 0, z: 0, w: -1}
  - {x: -1, y: 0, z: 0, w: -1}
  - {x: 1, y: 0, z: 0, w: -1}
  - {x: 1, y: 0, z: 0, w: -1}
  - {x: 1, y: 0, z: 0, w: -1}
  - {x: -1, y: 0, z: 0, w: -1}
  - {x: -1, y: 0, z: 0, w: -1}
  - {x: -1, y: 0, z: 0, w: -1}
  - {x: 1, y: 0, z: 0, w: -1}
  - {x: 1, y: 0, z: 0, w: -1}
  - {x: 1, y: 0, z: 0, w: -1}
  - {x: -1, y: 0, z: 0, w: -1}
  - {x: -1, y: 0, z: 0, w: -1}
  - {x: -1, y: 0, z: 0, w: -1}
  - {x: 1, y: 0, z: 0, w: -1}
  - {x: 1, y: 0, z: 0, w: -1}
  - {x: 1, y: 0, z: 0, w: -1}
  - {x: -1, y: 0, z: 0, w: -1}
  - {x: -1, y: 0, z: 0, w: -1}
  - {x: -1, y: 0, z: 0, w: -1}
  - {x: 1, y: 0, z: 0, w: -1}
  - {x: 1, y: 0, z: 0, w: -1}
  - {x: 1, y: 0, z: 0, w: -1}
  - {x: -1, y: 0, z: 0, w: -1}
  - {x: -1, y: 0, z: 0, w: -1}
  - {x: -1, y: 0, z: 0, w: -1}
  - {x: 1, y: 0, z: 0, w: -1}
  - {x: 1, y: 0, z: 0, w: -1}
  - {x: 1, y: 0, z: 0, w: -1}
  - {x: -1, y: 0, z: 0, w: -1}
  - {x: -1, y: 0, z: 0, w: -1}
  - {x: -1, y: 0, z: 0, w: -1}
  - {x: 1, y: 0, z: 0, w: -1}
  - {x: 1, y: 0, z: 0, w: -1}
  - {x: 1, y: 0, z: 0, w: -1}
  - {x: -1, y: 0, z: 0, w: -1}
  - {x: -1, y: 0, z: 0, w: -1}
  - {x: -1, y: 0, z: 0, w: -1}
  - {x: 1, y: 0, z: 0, w: -1}
  - {x: 1, y: 0, z: 0, w: -1}
  - {x: 1, y: 0, z: 0, w: -1}
  - {x: -1, y: 0, z: 0, w: -1}
  - {x: -1, y: 0, z: 0, w: -1}
  - {x: -1, y: 0, z: 0, w: -1}
  - {x: 1, y: 0, z: 0, w: -1}
  - {x: 1, y: 0, z: 0, w: -1}
  - {x: 1, y: 0, z: 0, w: -1}
  - {x: -1, y: 0, z: 0, w: -1}
  - {x: -1, y: 0, z: 0, w: -1}
  - {x: -1, y: 0, z: 0, w: -1}
  - {x: 1, y: 0, z: 0, w: -1}
  - {x: 1, y: 0, z: 0, w: -1}
  - {x: 1, y: 0, z: 0, w: -1}
  - {x: -1, y: 0, z: 0.00000004600499, w: -1}
  - {x: -1, y: 0, z: 0.00000004600499, w: -1}
  - {x: -1, y: 0, z: 0.00000004600499, w: -1}
  - {x: 1, y: 0, z: -0.000000023002496, w: -1}
  - {x: 1, y: 0, z: -0.000000023002496, w: -1}
  - {x: 1, y: 0, z: -0.000000023002496, w: -1}
  - {x: -1, y: 0, z: -0.000000092009934, w: -1}
  - {x: -1, y: 0, z: -0.000000092009934, w: -1}
  - {x: -1, y: 0, z: -0.000000092009934, w: -1}
  - {x: 1, y: 0, z: 0.000000046004967, w: -1}
  - {x: 1, y: 0, z: 0.000000046004967, w: -1}
  - {x: 1, y: 0, z: 0.000000046004967, w: -1}
  - {x: -1, y: 0, z: 0.000000023002485, w: -1}
  - {x: -1, y: 0, z: 0.000000023002485, w: -1}
  - {x: -1, y: 0, z: 0.000000023002485, w: -1}
  - {x: 1, y: 0, z: -0.000000046004974, w: -1}
  - {x: 1, y: 0, z: -0.000000046004974, w: -1}
  - {x: 1, y: 0, z: -0.000000046004974, w: -1}
  - {x: -1, y: 0, z: -0.000000034503714, w: -1}
  - {x: -1, y: 0, z: -0.000000034503714, w: -1}
  - {x: -1, y: 0, z: -0.000000034503714, w: -1}
  - {x: 1, y: 0, z: 0.000000046004953, w: -1}
  - {x: 1, y: 0, z: 0.000000046004953, w: -1}
  - {x: 1, y: 0, z: 0.000000046004953, w: -1}
  - {x: -1, y: 0, z: -0.00000004600502, w: -1}
  - {x: -1, y: 0, z: -0.00000004600502, w: -1}
  - {x: -1, y: 0, z: -0.00000004600502, w: -1}
  - {x: 1, y: 0, z: 0.00000004600502, w: -1}
  - {x: 1, y: 0, z: 0.00000004600502, w: -1}
  - {x: 1, y: 0, z: 0.00000004600502, w: -1}
  - {x: -1, y: 0, z: 0.000000023002475, w: -1}
  - {x: -1, y: 0, z: 0.000000023002475, w: -1}
  - {x: -1, y: 0, z: 0.000000023002475, w: -1}
  - {x: 1, y: 0, z: -0.000000046004946, w: -1}
  - {x: 1, y: 0, z: -0.000000046004946, w: -1}
  - {x: 1, y: 0, z: -0.000000046004946, w: -1}
  - {x: -1, y: 0, z: 0, w: -1}
  - {x: -1, y: 0, z: 0, w: -1}
  - {x: -1, y: 0, z: 0, w: -1}
  - {x: 1, y: 0, z: 0, w: -1}
  - {x: 1, y: 0, z: 0, w: -1}
  - {x: 1, y: 0, z: 0, w: -1}
  - {x: 0.87010145, y: -0.49287277, z: 0, w: -1}
  - {x: 0.8701014, y: -0.49287277, z: 0.00000013074283, w: -1}
  - {x: 0.8701014, y: -0.49287277, z: 0.00000013074283, w: -1}
  - {x: 0.8701014, y: -0.49287283, z: 0.00000024379463, w: -1}
  - {x: -0.98078525, y: -0.00000011693934, z: 0.19509046, w: -1}
  - {x: -0.9807853, y: -0.00000008288894, z: 0.1950904, w: -1}
  - {x: -0.9807853, y: -0.00000008288894, z: 0.1950904, w: -1}
  - {x: -0.9807853, y: -0.000000059272537, z: 0.19509031, w: -1}
  - {x: -0.9807853, y: 0.00000010650541, z: -0.19509026, w: -1}
  - {x: -0.98078537, y: 0.00000011252527, z: -0.19509017, w: -1}
  - {x: -0.98078537, y: 0.00000011252527, z: -0.19509017, w: -1}
  - {x: -0.98078537, y: 0.00000010811111, z: -0.19509007, w: -1}
  - {x: 0.87010145, y: 0.49287277, z: 0.0000003208643, w: -1}
  - {x: 0.8701014, y: 0.49287283, z: 0.0000001781232, w: -1}
  - {x: 0.8701014, y: 0.49287283, z: 0.0000001781232, w: -1}
  - {x: 0.87010133, y: 0.49287295, z: 0.000000017691058, w: -1}
  - {x: 0.762782, y: 0.6466558, z: -0.00000021496176, w: -1}
  - {x: 0.7627821, y: 0.6466556, z: -0.00000007792893, w: -1}
  - {x: 0.7627821, y: 0.6466556, z: -0.00000007792893, w: -1}
  - {x: 0.76278234, y: 0.64665544, z: 0.00000005910387, w: -1}
  - {x: 0.70710695, y: 0.70710665, z: 0.00000012117617, w: -1}
  - {x: 0.707107, y: 0.7071066, z: 0.00000005021081, w: -1}
  - {x: 0.707107, y: 0.7071066, z: 0.00000005021081, w: -1}
  - {x: 0.70710707, y: 0.70710653, z: -0.000000016603614, w: -1}
  - {x: 0.70710707, y: 0.70710653, z: -0.0000000041509076, w: -1}
  - {x: 0.70710695, y: 0.70710665, z: -0.000000004150907, w: -1}
  - {x: 0.70710695, y: 0.70710665, z: -0.000000004150907, w: -1}
  - {x: 0.7071068, y: 0.7071067, z: -0.0000000041509067, w: -1}
  - {x: 0.7627822, y: 0.64665544, z: -0.000000053849803, w: -1}
  - {x: 0.76278216, y: 0.64665556, z: -0.0000002066529, w: -1}
  - {x: 0.76278216, y: 0.64665556, z: -0.0000002066529, w: -1}
  - {x: 0.7627821, y: 0.6466557, z: -0.00000037127674, w: -1}
  - {x: 0.87010133, y: 0.49287298, z: -0.00000014574276, w: -1}
  - {x: 0.8701013, y: 0.49287298, z: 0.0000002908804, w: -1}
  - {x: 0.8701013, y: 0.49287298, z: 0.0000002908804, w: -1}
  - {x: 0.87010133, y: 0.49287304, z: 0.0000007098125, w: -1}
  - {x: 0.9807853, y: 0.0000000856374, z: -0.19509028, w: -1}
  - {x: 0.9807853, y: 0.000000042818698, z: -0.19509032, w: -1}
  - {x: 0.9807853, y: 0.000000042818698, z: -0.19509032, w: -1}
  - {x: 0.9807853, y: 0.000000010434009, z: -0.19509043, w: -1}
  - {x: 0.8701014, y: -0.4928728, z: -0.00000007676739, w: -1}
  - {x: 0.87010145, y: -0.49287274, z: -0.000000056074747, w: -1}
  - {x: 0.87010145, y: -0.49287274, z: -0.000000056074747, w: -1}
  - {x: 0.87010145, y: -0.49287266, z: -0.00000003538209, w: -1}
  - {x: 0.76278234, y: -0.6466554, z: -0.00000022678235, w: -1}
  - {x: 0.76278234, y: -0.6466553, z: 1.1427215e-10, w: -1}
  - {x: 0.76278234, y: -0.6466553, z: 1.1427215e-10, w: -1}
  - {x: 0.7627823, y: -0.6466554, z: 0.00000022701094, w: -1}
  - {x: 0.7071068, y: -0.70710677, z: 0.00000016710287, w: -1}
  - {x: 0.7071068, y: -0.7071068, z: 0.00000008355141, w: -1}
  - {x: 0.7071068, y: -0.7071068, z: 0.00000008355141, w: -1}
  - {x: 0.7071068, y: -0.7071068, z: 0, w: -1}
  - {x: 0.76278245, y: -0.64665526, z: -0.00000027450304, w: -1}
  - {x: 0.7627823, y: -0.6466553, z: -0.0000003347106, w: -1}
  - {x: 0.7627823, y: -0.6466553, z: -0.0000003347106, w: -1}
  - {x: 0.7627823, y: -0.6466554, z: -0.00000035945573, w: -1}
  - {x: 0.7071068, y: -0.7071068, z: 0.0000000639475, w: -1}
  - {x: 0.7071069, y: -0.70710677, z: 0.000000027822837, w: -1}
  - {x: 0.7071069, y: -0.70710677, z: 0.000000027822837, w: -1}
  - {x: 0.7071069, y: -0.7071067, z: -0.000000008301817, w: -1}
  - {x: 0.98078525, y: -0.000000010434009, z: 0.19509046, w: -1}
  - {x: 0.98078525, y: 0, z: 0.19509046, w: -1}
  - {x: 0.98078525, y: 0, z: 0.19509046, w: -1}
  - {x: 0.98078525, y: 0, z: 0.19509049, w: -1}
  - {x: -0.9807853, y: -0.00000012737338, z: 0.19509025, w: -1}
  - {x: -0.9807853, y: -0.00000003405039, z: 0.1950903, w: -1}
  - {x: -0.9807853, y: -0.00000003405039, z: 0.1950903, w: -1}
  - {x: -0.9807853, y: 0.0000000592726, z: 0.19509031, w: -1}
  - {x: -0.98078537, y: 0.000000010434008, z: -0.19509014, w: -1}
  - {x: -0.98078537, y: -0.000000029636295, z: -0.19509009, w: -1}
  - {x: -0.98078537, y: -0.000000029636295, z: -0.19509009, w: -1}
  - {x: -0.98078537, y: -0.000000038404558, z: -0.19509003, w: -1}
  - {x: -0.8701012, y: 0.4928731, z: 0.00000012594452, w: -1}
  - {x: -0.8701012, y: 0.49287304, z: 0.000000062972255, w: -1}
  - {x: -0.8701012, y: 0.49287304, z: 0.000000062972255, w: -1}
  - {x: -0.8701013, y: 0.49287298, z: 0, w: -1}
  - {x: -0.76278234, y: 0.6466553, z: -0.00000030427375, w: -1}
  - {x: -0.76278216, y: 0.6466556, z: -0.0000002774632, w: -1}
  - {x: -0.76278216, y: 0.6466556, z: -0.0000002774632, w: -1}
  - {x: -0.7627819, y: 0.64665586, z: -0.00000022701109, w: -1}
  - {x: -0.70710695, y: 0.7071066, z: -0.000000059796555, w: -1}
  - {x: -0.70710695, y: 0.7071067, z: -0.0000002136072, w: -1}
  - {x: -0.70710695, y: 0.7071067, z: -0.0000002136072, w: -1}
  - {x: -0.7071068, y: 0.70710677, z: -0.00000036741784, w: -1}
  - {x: -0.7071068, y: 0.7071068, z: 0.000000025038768, w: -1}
  - {x: -0.7071069, y: 0.7071067, z: 0.00000001044393, w: -1}
  - {x: -0.7071069, y: 0.7071067, z: 0.00000001044393, w: -1}
  - {x: -0.707107, y: 0.7071066, z: 0, w: -1}
  - {x: -0.7627819, y: 0.64665586, z: -0.00000020314097, w: -1}
  - {x: -0.76278204, y: 0.64665574, z: -0.00000010157047, w: -1}
  - {x: -0.76278204, y: 0.64665574, z: -0.00000010157047, w: -1}
  - {x: -0.76278216, y: 0.64665556, z: 0, w: -1}
  - {x: -0.87010145, y: 0.49287274, z: 0.000000072871366, w: -1}
  - {x: -0.87010145, y: 0.49287277, z: 0.00000021831151, w: -1}
  - {x: -0.87010145, y: 0.49287277, z: 0.00000021831151, w: -1}
  - {x: -0.87010133, y: 0.49287277, z: 0.00000039913368, w: -1}
  - {x: 0.98078525, y: 0.00000011693942, z: -0.19509046, w: -1}
  - {x: 0.9807853, y: -0.000000006019822, z: -0.1950904, w: -1}
  - {x: 0.9807853, y: -0.000000006019822, z: -0.1950904, w: -1}
  - {x: 0.9807853, y: -0.00000010811104, z: -0.1950903, w: -1}
  - {x: -0.87010145, y: -0.49287271, z: 0.000000035382097, w: -1}
  - {x: -0.87010145, y: -0.49287266, z: -0.00000013764839, w: -1}
  - {x: -0.87010145, y: -0.49287266, z: -0.00000013764839, w: -1}
  - {x: -0.87010145, y: -0.4928727, z: -0.0000003283699, w: -1}
  - {x: 0.98078525, y: -0.000000106505325, z: 0.19509056, w: -1}
  - {x: 0.98078525, y: -0.000000032384644, z: 0.19509053, w: -1}
  - {x: 0.98078525, y: -0.000000032384644, z: 0.19509053, w: -1}
  - {x: 0.98078525, y: -0.000000010434007, z: 0.19509047, w: -1}
  - {x: -0.76278216, y: -0.6466556, z: 0.00000017906173, w: -1}
  - {x: -0.7627823, y: -0.64665544, z: 0.00000011908284, w: -1}
  - {x: -0.7627823, y: -0.64665544, z: 0.00000011908284, w: -1}
  - {x: -0.7627824, y: -0.64665526, z: 0.000000035462357, w: -1}
  - {x: -0.7071067, y: -0.7071069, z: 0.0000000041509054, w: -1}
  - {x: -0.70710677, y: -0.7071068, z: 0, w: -1}
  - {x: -0.70710677, y: -0.7071068, z: 0, w: -1}
  - {x: -0.7071068, y: -0.7071068, z: -0.0000000041509063, w: -1}
  - {x: -0.8701014, y: -0.49287286, z: -0.00000014963874, w: -1}
  - {x: -0.8701014, y: -0.49287283, z: -0.000000101355944, w: -1}
  - {x: -0.8701014, y: -0.49287283, z: -0.000000101355944, w: -1}
  - {x: -0.8701014, y: -0.49287277, z: -0.000000017691056, w: -1}
  - {x: -0.76278204, y: -0.6466557, z: -0.00000039402354, w: -1}
  - {x: -0.7627822, y: -0.64665544, z: -0.00000022065329, w: -1}
  - {x: -0.7627822, y: -0.64665544, z: -0.00000022065329, w: -1}
  - {x: -0.76278234, y: -0.6466554, z: 0.000000011820781, w: -1}
  - {x: -0.7071068, y: -0.7071067, z: 0.00000012947798, w: -1}
  - {x: -0.7071068, y: -0.7071068, z: 0.00000006681445, w: -1}
  - {x: -0.7071068, y: -0.7071068, z: 0.00000006681445, w: -1}
  - {x: -0.7071067, y: -0.7071069, z: 0, w: -1}
  m_Colors: []
  m_UnwrapParameters:
    m_HardAngle: 88
    m_PackMargin: 20
    m_AngleError: 8
    m_AreaError: 15
  m_PreserveMeshAssetOnDestroy: 0
  assetGuid: 
  m_Mesh: {fileID: 0}
  m_VersionIndex: 2443
  m_IsSelectable: 1
  m_SelectedFaces: 
  m_SelectedEdges: []
  m_SelectedVertices: 
--- !u!114 &8433017904756836954
MonoBehaviour:
  m_ObjectHideFlags: 0
  m_CorrespondingSourceObject: {fileID: 0}
  m_PrefabInstance: {fileID: 0}
  m_PrefabAsset: {fileID: 0}
  m_GameObject: {fileID: 8433017904756836944}
  m_Enabled: 1
  m_EditorHideFlags: 0
  m_Script: {fileID: 11500000, guid: 1ca002da428252441b92f28d83c8a65f, type: 3}
  m_Name: 
  m_EditorClassIdentifier: 
  m_Shape:
    rid: 2055872530695585813
  m_Size: {x: -0.5, y: 0.1, z: 0.5}
  m_Rotation: {x: 0, y: 0, z: 0, w: 1}
  m_PivotLocation: 1
  m_PivotPosition: {x: 0, y: 0, z: 0}
  m_UnmodifiedMeshVersion: 2390
  m_ShapeBox:
    m_Center: {x: -0.1873123, y: 0.09617077, z: 0.20040238}
    m_Extent: {x: -0.25, y: 0.05, z: 0.25}
  references:
    version: 2
    RefIds:
    - rid: 2055872530695585813
      type: {class: Cylinder, ns: UnityEngine.ProBuilder.Shapes, asm: Unity.ProBuilder}
      data:
        m_AxisDivisions: 16
        m_HeightCuts: 0
        m_Smooth: 1
--- !u!23 &8433017904756836955
MeshRenderer:
  m_ObjectHideFlags: 0
  m_CorrespondingSourceObject: {fileID: 0}
  m_PrefabInstance: {fileID: 0}
  m_PrefabAsset: {fileID: 0}
  m_GameObject: {fileID: 8433017904756836944}
  m_Enabled: 1
  m_CastShadows: 1
  m_ReceiveShadows: 1
  m_DynamicOccludee: 1
  m_StaticShadowCaster: 0
  m_MotionVectors: 1
  m_LightProbeUsage: 1
  m_ReflectionProbeUsage: 1
  m_RayTracingMode: 2
  m_RayTraceProcedural: 0
  m_RenderingLayerMask: 1
  m_RendererPriority: 0
  m_Materials:
  - {fileID: 2100000, guid: c22777d6e868e4f2fb421913386b154e, type: 2}
  m_StaticBatchInfo:
    firstSubMesh: 0
    subMeshCount: 0
  m_StaticBatchRoot: {fileID: 0}
  m_ProbeAnchor: {fileID: 0}
  m_LightProbeVolumeOverride: {fileID: 0}
  m_ScaleInLightmap: 1
  m_ReceiveGI: 1
  m_PreserveUVs: 0
  m_IgnoreNormalsForChartDetection: 0
  m_ImportantGI: 0
  m_StitchLightmapSeams: 1
  m_SelectedEditorRenderState: 2
  m_MinimumChartSize: 4
  m_AutoUVMaxDistance: 0.5
  m_AutoUVMaxAngle: 89
  m_LightmapParameters: {fileID: 0}
  m_SortingLayerID: 0
  m_SortingLayer: 0
  m_SortingOrder: 0
  m_AdditionalVertexStreams: {fileID: 0}
--- !u!33 &8433017904756836956
MeshFilter:
  m_ObjectHideFlags: 0
  m_CorrespondingSourceObject: {fileID: 0}
  m_PrefabInstance: {fileID: 0}
  m_PrefabAsset: {fileID: 0}
  m_GameObject: {fileID: 8433017904756836944}
  m_Mesh: {fileID: 0}
--- !u!64 &8433017904756836957
MeshCollider:
  m_ObjectHideFlags: 0
  m_CorrespondingSourceObject: {fileID: 0}
  m_PrefabInstance: {fileID: 0}
  m_PrefabAsset: {fileID: 0}
  m_GameObject: {fileID: 8433017904756836944}
  m_Material: {fileID: 13400000, guid: 45c3067d2dce44c5d852abc96ba29a93, type: 2}
  m_IsTrigger: 0
  m_Enabled: 1
  serializedVersion: 4
  m_Convex: 1
  m_CookingOptions: 30
  m_Mesh: {fileID: 0}
--- !u!54 &8433017904756836958
Rigidbody:
  m_ObjectHideFlags: 0
  m_CorrespondingSourceObject: {fileID: 0}
  m_PrefabInstance: {fileID: 0}
  m_PrefabAsset: {fileID: 0}
  m_GameObject: {fileID: 8433017904756836944}
  serializedVersion: 2
  m_Mass: 2
  m_Drag: 0
  m_AngularDrag: 0
  m_UseGravity: 1
  m_IsKinematic: 0
  m_Interpolate: 0
  m_Constraints: 0
  m_CollisionDetection: 2
--- !u!114 &3707990865167833349
MonoBehaviour:
  m_ObjectHideFlags: 0
  m_CorrespondingSourceObject: {fileID: 0}
  m_PrefabInstance: {fileID: 0}
  m_PrefabAsset: {fileID: 0}
  m_GameObject: {fileID: 8433017904756836944}
  m_Enabled: 1
  m_EditorHideFlags: 0
  m_Script: {fileID: 11500000, guid: d5a57f767e5e46a458fc5d3c628d0cbb, type: 3}
  m_Name: 
  m_EditorClassIdentifier: 
  GlobalObjectIdHash: 951099334
  AlwaysReplicateAsRoot: 0
  SynchronizeTransform: 1
  ActiveSceneSynchronization: 0
  SceneMigrationSynchronization: 1
  SpawnWithObservers: 1
  DontDestroyWithOwner: 0
  AutoObjectParentSync: 1
--- !u!114 &8857811262285999836
MonoBehaviour:
  m_ObjectHideFlags: 0
  m_CorrespondingSourceObject: {fileID: 0}
  m_PrefabInstance: {fileID: 0}
  m_PrefabAsset: {fileID: 0}
  m_GameObject: {fileID: 8433017904756836944}
  m_Enabled: 1
  m_EditorHideFlags: 0
  m_Script: {fileID: 11500000, guid: e96cb6065543e43c4a752faaa1468eb1, type: 3}
  m_Name: 
  m_EditorClassIdentifier: 
  SyncPositionX: 1
  SyncPositionY: 1
  SyncPositionZ: 1
  SyncRotAngleX: 1
  SyncRotAngleY: 1
  SyncRotAngleZ: 1
  SyncScaleX: 0
  SyncScaleY: 0
  SyncScaleZ: 0
  PositionThreshold: 0.001
  RotAngleThreshold: 0.01
  ScaleThreshold: 0.01
  UseQuaternionSynchronization: 0
  UseQuaternionCompression: 0
  UseHalfFloatPrecision: 0
  InLocalSpace: 0
  Interpolate: 1
  SlerpPosition: 0
--- !u!114 &3652946807980478151
MonoBehaviour:
  m_ObjectHideFlags: 0
  m_CorrespondingSourceObject: {fileID: 0}
  m_PrefabInstance: {fileID: 0}
  m_PrefabAsset: {fileID: 0}
  m_GameObject: {fileID: 8433017904756836944}
  m_Enabled: 1
  m_EditorHideFlags: 0
  m_Script: {fileID: 11500000, guid: 364edab1c44114869be87eedf9f96ab3, type: 3}
  m_Name: 
  m_EditorClassIdentifier: 
  reflectLayers:
    serializedVersion: 2
    m_Bits: 128
  minVelocity: 2
  doReflect: 1
--- !u!114 &6652048567370652981
MonoBehaviour:
  m_ObjectHideFlags: 0
  m_CorrespondingSourceObject: {fileID: 0}
  m_PrefabInstance: {fileID: 0}
  m_PrefabAsset: {fileID: 0}
  m_GameObject: {fileID: 8433017904756836944}
  m_Enabled: 1
  m_EditorHideFlags: 0
  m_Script: {fileID: 11500000, guid: c9530d94a937f40bba3db63710648e0e, type: 3}
  m_Name: 
  m_EditorClassIdentifier: 
  Token: {fileID: 8433017904756836952}
  MaxHealth: 100
  flickForce: 5000
  pushForce: 250
  flickLiftModifier: 0.2
  squopLayers:
    serializedVersion: 2
    m_Bits: 64
  squoppedColour: {r: 1, g: 0, b: 0, a: 0.79607844}
  cantMoveColour: {r: 1, g: 0, b: 0, a: 0.80784315}
  canFlickColour: {r: 1, g: 1, b: 1, a: 0.8862745}
